2334 3630
374 174 548 259 AENElnos
573 215 638 259 LIB.
666 214 735 259 VIII.

56 354 217 414 arboribus
232 353 399 430 viridisque
415 364 522 413 secant
537 352 661 429 placido
676 372 808 429 aequore
824 352 926 411 silvas,

57 447 110 506 Sol
126 447 261 506 medium
277 447 354 504 caeli
370 443 594 504 conscenderat
609 445 716 522 igneus
733 445 847 517 orbem,

55 557 125 598 cum
141 558 244 598 muros
260 558 421 615 arcemque
437 539 542 615 procul
558 557 595 596 ac
609 557 678 596 rara
692 539 852 596 domorum

55 640 138 692 tecta
152 632 267 704 vident,
285 651 363 708 quae
379 651 462 690 nunc
479 633 621 690 Romana
635 631 776 707 potentia
790 630 875 689 caelo

54 725 199 802 aequavit
212 749 218 797 3
242 733 307 783 tum
322 744 370 783 res
386 724 494 800 inopes
511 724 673 782 Euandrus
688 724 832 783 habebat.
1007 736 1053 772 100

56 817 152 877 Ocius
168 818 331 876 advertunt
346 836 452 893 proras
467 816 596 892 urbique
611 816 828 893 propinquant.

98 912 187 969 Forte
203 910 253 969 die
269 909 448 969 sollemnem
465 909 517 968 illo
532 928 585 967 rex
600 912 698 968 Arcas
713 909 861 967 honorem

54 1003 350 1080 Amphitryoniadae
366 1020 478 1079 magno
494 1001 634 1077 divisque
649 1001 768 1061 ferebat
817 1029 820 1032 >

53 1105 126 1154 ante
142 1097 248 1154 urbem
264 1095 294 1153 in
311 1094 389 1154 luco.
435 1095 537 1154 Pallas
552 1093 624 1152 huic
638 1094 719 1153 filius
735 1114 804 1166 una,

53 1207 116 1247 una
131 1207 239 1247 omnes
254 1188 398 1246 iuvenum
413 1187 502 1264 primi
517 1207 693 1264 pauperque
709 1197 835 1247 senatus
1005 1199 1051 1252 Ι05

53 1282 138 1340 Tura
153 1282 278 1354 dabant,
294 1281 480 1356 tepidusque
496 1299 585 1339 cruor
599 1280 739 1340 fumabat
754 1281 794 1339 ad
809 1299 886 1340 aras.

52 1375 99 1434 Ut
114 1373 212 1433 celsas
227 1373 331 1432 videre
346 1382 428 1432 rates
443 1382 536 1450 atque
551 1372 630 1432 inter
645 1359 775 1449 opacum

53 1466 169 1526 Adlabi
183 1485 291 1525 nemus
307 1476 338 1524 et
352 1465 455 1525 tacitis
470 1466 646 1525 incumbere
662 1465 761 1538 remis,

52 1569 206 1619 terrentur
220 1559 288 1617 visu
303 1559 406 1618 subito
423 1558 587 1634 cunctique
603 1559 718 1618 relictis

52 1661 243 1730 consurgunt
258 1651 381 1710 mensis.
426 1652 538 1710 Audax
553 1671 631 1727 quos
647 1670 786 1727 rumpere
802 1651 905 1711 Pallas
1004 1664 1050 1700 110

52 1764 142 1804 sacra
156 1754 239 1804 vetat
253 1753 403 1820 raptoque
418 1744 502 1803 volat
516 1745 579 1803 telo
594 1744 702 1803 obvius
718 1744 793 1820 ipse,

52 1847 85 1897 et
100 1837 205 1915 procul
221 1856 237 1896 e
252 1836 390 1896 tumulo:
414 1839 573 1909 ‘Iuvenes
591 1856 669 1914 quae
685 1856 779 1896 causa
794 1837 915 1914 subegit

53 1929 176 2007 ignotas
191 1939 341 2006 temptare
356 1929 442 1989 vias?
465 1949 527 2006 quo
541 1929 668 1988 tenditis
678 1931 706 1988 ?’
729 1929 837 2006 inquit.

55 2022 135 2096 ‘Qui
149 2025 267 2100 genus?
290 2023 373 2081 unde
388 2022 501 2081 domo?
524 2041 673 2099 pacemne
696 2022 756 2081 huc
770 2021 857 2080 fertis
873 2041 912 2080 an
928 2023 1048 2082 arma?'

53 2116 135 2174 Tum
149 2125 237 2191 pater
252 2118 376 2174 Aeneas
391 2114 487 2192 puppi
502 2115 547 2174 sic
561 2115 643 2174 latur
658 2115 697 2173 ab
713 2115 775 2174 alta
1004 2127 1050 2180 115

53 2207 269 2284 paciferaeque
284 2227 378 2266 manu
392 2227 510 2266 ramum
524 2207 699 2284 praetendit
714 2207 813 2266 olivae
827 2231 833 2266 :

54 2299 262 2377 ‘Troiugenas
278 2320 315 2359 ac
329 2301 392 2359 tela
406 2300 493 2359 vides
509 2300 632 2359 inimica
647 2300 775 2374 Latinis,

53 2413 133 2471 quos
148 2393 191 2451 illi
206 2394 288 2452 bello
303 2393 450 2471 profugos
466 2412 555 2470 egere
571 2395 713 2470 superbo,

54 2487 231 2547 Euandrum
247 2487 389 2562 petImus.
435 2488 524 2546 Ferte
540 2487 618 2545 haec
633 2497 663 2546 et
679 2487 771 2546 dicite
787 2487 883 2547 lectos

53 2579 231 2638 Dardaniae
246 2579 369 2638 venisse
385 2580 480 2638 duces
496 2580 580 2638 socia
596 2599 680 2637 arma
695 2580 851 2657 rogantis!
1005 2594 1050 2630 120

52 2671 213 2748 Obstipuit
228 2682 316 2731 tanto
331 2672 490 2749 perculsus
506 2672 630 2731 nomine
647 2673 767 2732 Pallas:

53 2765 224 2842 ‘Egredere
240 2784 259 2824 o
275 2765 460 2841 quicumque
475 2766 530 2837 es‚'
547 2765 596 2837 ait,
616 2773 796 2842 ‘coramque
811 2777 970 2843 parentem

52 2857 220 2933 adloquere
235 2877 272 2916 ac
288 2857 401 2917 nostris
417 2858 549 2916 succede
564 2858 729 2934 penatibus
745 2859 879 2936 hospes,y

89 3006 147 3054 103.
166 2990 385 3054 Cf.111.19-20:
410 2993 491 3039 Sacra
503 2993 633 3040 Dionaeae
651 2993 732 3040 matri
749 2994 865 3056 denisque
873 2993 988 3056 ferebam
1006 3010 1051 3040 au·

51 3069 160 3131 spicibus
183 3074 322 3130 coeptorum
350 3073 462 3129 eperum.
480 3096 515 3104 —
535 3084 590 3118 110.
618 3067 659 3116 Cf.
681 3068 743 3115 VII.
766 3067 863 3132 175-6:
888 3070 965 3117 ariete
982 3086 1050 3117 caeso

51 3145 184 3208 perpetuis
200 3144 270 3192 soliti
279 3151 369 3206 patres
387 3145 514 3192 considere
534 3146 635 3192 mensis.
651 3172 685 3180 —
701 3160 757 3194 121.
785 3144 827 3193 Cf.
849 3144 870 3192 I.
894 3145 957 3209 565:
985 3146 1050 3205 Quis

46 3236 130 3285 genus
141 3221 297 3278 Aeneadum,
309 3221 367 3284 quis
383 3221 473 3269 Trazae
484 3222 578 3270 msciat
596 3221 681 3268 urbem
695 3221 850 3285 virtutesque
867 3222 1004 3285 virosque?
1014 3249 1048 3259 —

52 3313 110 3360 ¹²³·
129 3295 172 3348 Cf.
185 3296 206 3347 1.
219 3295 266 3361 627
279 3313 285 3347 τ
303 3298 376 3356 tectis,
390 3298 499 3355 iuvenes,
512 3298 632 3347 succedite
644 3298 751 3346 nostris.
