2334 3630
396 223 570 268 AENEIDOS
595 224 660 268 LIB.
687 223 758 268 VIII.

79 362 169 421 Talia
184 363 372 422 carminibus
388 362 545 422 celebrant
558 386 564 436 ;
589 381 681 439 super
695 362 799 421 omnia
815 360 891 422 Caci

80 454 259 531 speluncam
275 455 412 515 adiciunt
427 455 657 532 spirantemque
672 455 794 532 ignibus
809 455 919 531 ipsum.

82 550 243 607 Consonat
259 567 349 606 omne
366 568 473 607 nemus
489 548 618 624 strepitu
634 549 790 624 collesque
805 546 964 606 resultant.
1030 558 1078 611 305

123 641 201 699 Exin
217 660 250 699 se
267 640 370 700 cuncti
386 641 498 700 divinis
514 641 606 700 rebus
622 642 662 700 ad
677 642 784 699 urbem

80 734 226 810 perfectis
241 735 385 792 referunt.
432 734 503 792 Ibat
518 753 571 792 rex
585 734 705 792 obsitus
721 752 797 792 aevo

81 835 112 885 et
127 826 270 884 comitem
286 830 416 886 Aenean
431 827 516 885 iuxta
532 836 700 904 natumque
715 827 842 885 tenebat

11 949 16 956 ·
81 919 257 995 ingrediens
272 919 419 995 varioque
434 919 515 978 viam
531 938 671 978 sermone
687 919 818 978 levabat.

82 1011 213 1070 Miratur
226 1011 389 1088 facilisque
404 1013 511 1071 oculos
525 1013 586 1071 fert
601 1012 704 1070 omnia
720 1012 833 1070 circum

82 1106 206 1163 Aeneas
221 1104 401 1181 capiturque
417 1105 493 1163 locis
509 1115 540 1164 et
555 1105 675 1182 singula
690 1104 789 1163 laetus

82 1196 274 1273 exquiritque
290 1198 436 1274 auditque
452 1197 549 1256 virum
564 1209 764 1256 monumenta
778 1197 921 1274 priorum.

82 1291 162 1348 Tum
177 1309 229 1349 rex
245 1291 416 1362 Euandrus
434 1293 593 1349 Romanae
609 1291 751 1349 conditor
765 1291 864 1349 arcis:

84 1385 190 1441 ‘Haec
206 1402 333 1442 nemora
347 1383 511 1461 indigenae
529 1383 626 1441 Fauni
643 1385 869 1462 Nymphaeque
883 1383 1040 1455 tenebant,

81 1495 220 1553 gensque
235 1476 332 1534 virum
347 1476 464 1535 truncis
480 1486 511 1536 et
526 1477 603 1535 duro
618 1478 728 1536 robore
744 1485 826 1549 nata,
1032 1486 1080 1539 315

83 1569 152 1645 quis
168 1588 268 1644 neque
284 1588 351 1628 mos
367 1589 468 1646 neque
484 1569 584 1627 cultus
599 1579 672 1641 erat,
691 1588 748 1627 nec
764 1568 889 1646 iungere
904 1577 1009 1626 tauros

83 1670 136 1720 aut
152 1680 335 1739 componere
351 1681 426 1739 opes
442 1672 553 1721 norant
569 1673 622 1720 aut
637 1681 762 1738 parcere
777 1671 875 1738 parto,

83 1755 139 1814 sed
154 1754 230 1812 rami
245 1764 338 1830 atque
354 1774 444 1832 asper
458 1754 541 1814 victu
555 1765 686 1813 venatus
702 1755 813 1814 alebat.

84 1847 204 1905 Primus
220 1848 259 1906 ab
276 1847 413 1907 aetherio
428 1847 513 1906 venit
530 1849 680 1907 Saturnus
696 1849 836 1926 Olympo

83 1958 168 1998 arma
183 1940 267 1999 Iovis
281 1939 404 2017 fugiens
420 1950 450 1999 et
465 1940 568 2018 regnis
583 1940 669 1999 exsul
685 1940 847 2016 ademptis.
1033 1952 1081 2002 320

85 2034 117 2091 Is
132 2051 230 2110 genus
245 2033 378 2092 indocile
394 2052 430 2092 ac
445 2034 618 2110 dispersum
634 2033 789 2091 montibus
805 2032 875 2091 altis

84 2126 256 2202 composuit
271 2126 416 2204 legesque
432 2127 518 2186 dedit
533 2126 716 2201 Latiumque
732 2125 836 2184 vocari

83 2219 198 2292 maluit,
214 2218 264 2277 his
279 2219 425 2296 quoniam
440 2219 581 2278 latuisset
595 2228 680 2277 tutus
696 2218 727 2276 in
743 2218 813 2277 oris,

84 2313 188 2370 Aurea
203 2331 282 2388 quae
298 2312 462 2388 perhibent
477 2312 528 2370 illo
544 2313 601 2371 sub
617 2331 688 2389 rege
703 2313 790 2370 fuere

84 2405 227 2463 saecula:
251 2405 296 2463 sic
311 2404 433 2482 placida
448 2406 579 2482 populos
595 2404 626 2462 in
641 2424 718 2481 pace
733 2405 868 2481 regebat,
1034 2415 1082 2468 3²5

85 2497 219 2556 deterior
234 2498 334 2556 donec
349 2498 497 2574 paulatim
512 2517 549 2556 ac
564 2498 689 2557 decolor
704 2508 790 2557 aetas

84 2599 115 2648 et
129 2590 203 2649 belli
218 2591 320 2650 rabies
335 2600 367 2650 et
382 2610 467 2649 amor
483 2591 633 2650 successit
647 2591 792 2650 habendi.

85 2684 164 2740 Tum
181 2702 289 2742 manus
305 2683 445 2742 Ausonia
460 2693 491 2742 et
506 2694 614 2760 gentes
630 2703 742 2742 venere
760 2684 898 2755 Sicanae,

85 2775 210 2852 saepius
226 2785 256 2834 et
272 2795 385 2834 nornen
400 2777 504 2852 posuit
521 2777 664 2836 Saturnia
679 2776 789 2848 tellus3

128 2991 186 3038 310.
215 2975 257 3024 Cf.
270 2977 306 3024 11.
328 2988 392 3040 570:
421 2976 506 3040 [mihi]
528 2978 626 3038 passim
649 2977 731 3024 oculos
751 2983 802 3038 per
823 2982 913 3024 cuneta
931 2975 1079 3040 ferenti.-

85 3058 195 3114 315-18.
222 3050 264 3100 Cf.
286 3052 346 3101 Sall.
368 3053 425 3100 Cat.
439 3053 485 3100 VI.
501 3066 531 3100 1:
552 3053 711 3115 Aborigines,
727 3068 810 3114 genus
828 3053 962 3100 hominum
981 3056 1083 3113 agreste,

85 3129 141 3176 sine
153 3129 253 3192 legibus,
265 3129 320 3177 sine
337 3130 451 3191 imperio,
464 3129 572 3176 liberum
592 3136 667 3192 atque
685 3130 804 3176 solutum.
841 3126 881 3175 Cf.
896 3127 952 3176 also
966 3127 1022 3174 Iuv.
1036 3126 1083 3174 VI.

88 3217 186 3269 11-13:
203 3206 280 3252 aliter
292 3212 353 3255 tunc
372 3206 427 3253 vrbe
446 3221 509 3253 novo
526 3206 640 3267 caeloque
656 3205 753 3252 recenti
769 3204 888 3251 vivebant
905 3203 1025 3260 homines,
1038 3201 1085 3266 qui

86 3287 163 3343 rupto
175 3281 262 3329 robore
273 3282 330 3330 nati
340 3283 496 3343 compositive
507 3282 560 3330 luto
572 3282 658 3329 nullos
672 3280 781 3329 tabuere
795 3285 909 3342 penates,
