2334 3630
82 246 100 291 2
391 248 420 294 Ρ.
448 246 587 293 VERGILI
618 248 769 294 MARONIS

122 386 212 445 Talia
226 406 280 464 per
296 387 428 447 Latium.
473 387 562 461 Quae
578 389 822 450 Laomedontius
836 390 927 448 heros

81 489 192 538 cuncta
207 479 316 538 videns
331 499 443 557 magno
459 499 598 539 curarum
614 481 743 541 fluctuat
758 491 864 556 aestu;

81 581 174 649 atque
190 572 325 631 animum
340 591 423 630 nunc
437 573 498 630 huc
513 573 652 647 celerem,
670 594 753 634 nunc
768 577 877 635 dividit
891 576 971 648 illuc,
1045 591 1076 626 20
1101 618 1104 622 -
1119 595 1121 658 j

81 665 112 722 in
128 665 285 742 partisque
301 665 381 742 rapit
395 665 495 723 varias
511 685 627 744 perque
643 669 747 727 omnia
760 679 881 729 versat:
1119 680 1121 713 l

82 758 161 817 sicut
176 777 275 835 aquae
291 758 452 817 tremulum
467 758 561 818 labris
579 761 631 819 ubi
646 760 748 820 lumen
764 763 850 822 aenis

81 853 146 911 sole
161 871 374 930 repercussum
390 861 443 911 aut
458 853 607 912 radiantis
623 854 754 932 imagine
769 855 861 914 lunae

81 946 184 1004 omnia
199 947 362 1023 pervolitat
376 947 437 1005 late
453 946 530 1019 loca,
547 945 742 1023 iamque‘sub
759 967 849 1007 auras

81 1039 206 1117 erigitur
220 1040 392 1118 summique
408 1039 478 1098 ferit
494 1039 649 1116 laquearia
663 1041 746 1100 tecti.
849 1101 855 1110 ,

82 1135 154 1191 Nox
169 1143 242 1208 erat,
259 1143 290 1193 et
305 1143 401 1193 terras
418 1133 563 1192 animalia
578 1133 662 1192 fessa
677 1153 731 1210 per
745 1134 846 1193 omnis

82 1226 209 1285 alituum
225 1228 440 1304 pecudumque
455 1245 554 1304 genus
570 1245 663 1304 sopor
678 1227 758 1286 altus
772 1227 926 1286 habebat:

83 1338 152 1401 cum
167 1328 254 1396 pater
269 1320 300 1377 in
316 1320 381 1397 ripa
396 1319 552 1397 gelidique
567 1322 625 1380 sub
641 1319 773 1379 aetheris
789 1339 845 1378 axe

83 1414 215 1485 Aeneas,
232 1412 312 1472 tristi
327 1414 466 1472 turbatus
483 1422 608 1489 pectora
622 1413 713 1485 bello,

82 1505 245 1582 procubuit
260 1524 422 1583 seramque
437 1504 523 1563 dedit
538 1523 593 1581 per
607 1506 744 1564 membra
758 1505 901 1582 quietem.
955 1495 958 1501 ’

84 1599 168 1657 Huic
183 1600 260 1658 deus
275 1598 341 1675 ipse
356 1597 415 1657 loci
429 1597 523 1656 fluvio
539 1597 704 1656 Tiberinus
719 1616 850 1657 amoeno

83 1692 232 1770 populeas
247 1691 327 1750 inter
342 1690 445 1750 senior
460 1709 494 1750 se
510 1689 648 1749 attollere
663 1691 791 1749 frondes

83 1784 167 1844 visus
180 1808 186 1858 3
211 1803 281 1843 eum
295 1783 397 1843 tenuis
411 1784 521 1861 glauco
538 1783 661 1842 velabat
676 1783 789 1841 amictu

83 1878 239 1951 carbasus,
256 1887 288 1936 et
302 1876 394 1936 crinis
410 1877 555 1935 umbrosa
570 1877 695 1954 tegebat
710 1876 869 1948 harund03
964 1862 966 1866 ⁷

84 1979 149 2029 turn
164 1970 208 2030 sic
223 1969 321 2029 adfari
336 1979 367 2029 et
382 1988 470 2029 curas
485 1969 533 2028 his
549 1971 672 2028 demere
687 1969 798 2028 dictis:

127 2064 171 2123 ‘O
187 2072 252 2123 sate
267 2071 359 2141 gente
375 2064 475 2136 deum,
493 2063 659 2121 Troianam
674 2081 712 2121 ex
726 2063 868 2121 hostibus
883 2062 989 2120 urbem

85 2162 137 2239 qui
152 2163 271 2221 revehis
287 2163 377 2222 nobis
393 2172 578 2239 aeternaque
595 2165 744 2239 Pergama
759 2180 871 2234 servaS,

84 2265 260 2332 exspectate
276 2255 343 2314 solo
359 2255 505 2314 Laurenti
521 2255 662 2331 arvisque
678 2253 805 2325 Latinis,

84 2348 135 2406 hic
150 2347 206 2407 tibi
221 2356 304 2407 certa
319 2349 438 2420 domus
455 2346 537 2420 certi,
554 2366 593 2405 ne
609 2346 734 2417 absiste,
751 2353 899 2421 penates;

85 2459 146 2498 neu
160 2439 233 2499 belli
248 2449 361 2499 terrere
376 2439 467 2498 minis
479 2463 486 2512 3
510 2447 611 2497 tumor
625 2437 725 2496 omnis
741 2446 773 2496 et
787 2436 849 2495 irae

85 2552 268 2592 concessere
284 2534 383 2591 deum.

86 2628 215 2703 Iamque
230 2625 295 2698 tibi,
312 2644 351 2684 ne
367 2644 447 2683 vana
461 2633 550 2701 putes
566 2624 642 2682 haec
656 2624 771 2700 fingere
787 2642 937 2695 somnum,

85 2719 201 2778 litoreis
217 2718 325 2796 ingens
341 2718 467 2776 inventa
482 2717 539 2776 sub
555 2716 676 2776 ilicibus
692 2736 753 2790 sus,

85 2809 212 2890 ¹triginta
226 2811 360 2889 capitum
374 2811 457 2869 fetus
472 2810 571 2883 enixa,
588 2810 708 2883 iacebit,

134 3011 176 3058 3ο.
196 2995 238 3043 Cf.
249 2995 296 3043 IV.
308 3007 321 3059 5
333 3011 339 3041 :
357 3011 401 3043 nec
412 2995 531 3042 memhris
542 2995 587 3042 dat
597 3010 659 3041 cura
671 2994 785 3056 quietem.
793 3021 827 3028 -
835 3007 876 3054 34.
896 2991 938 3040 Cf.
949 2992 997 3039 Ov.
1008 2991 1039 3038 A.
1051 2991 1083 3038 A.

88 3073 109 3120 1.
121 3086 168 3136 ²23
180 3088 186 3120 ι
203 3073 255 3121 Hic
267 3078 303 3120 est
313 3071 467 3133 Euphrates,
475 3072 638 3132 praecinctus
649 3070 798 3117 harundine
807 3069 973 3132 frontena-
980 3072 1022 3129 36.
1042 3066 1085 3115 Cf.

88 3149 136 3197 v1.
151 3160 215 3213 125:
233 3154 285 3196 sate
302 3148 428 3211 sangnine
446 3148 539 3195 divom.
551 3174 585 3182 —
596 3151 671 3208 36-7.
691 3144 733 3194 Cf.
746 3145 809 3193 v11.
823 3157 888 3207 209:
908 3142 1085 3208 [Dardanum]

91 3225 198 3288 Corythi
213 3225 347 3288 Tyrrhena
367 3224 398 3272 ab
417 3225 473 3272 sede
493 3224 643 3289 profectum.
656 3226 743 3283 -38.
765 3220 807 3270 Cf.
820 3219 946 3284 VIL98:
972 3220 1089 3269 Exterm'

89 3302 191 3350 venient
202 3302 294 3365 generi
304 3301 351 3365 qui
361 3301 486 3364 sanguine
497 3306 612 3348 nostrum
625 3314 716 3346 nornen
728 3299 757 3346 in
775 3303 846 3346 astra
855 3297 955 3362 serant.
