2334 3630
370 222 544 269 AENEIDOS
569 223 633 269 LIB.
660 225 732 269 VIII.

51 380 103 420 ore
118 379 247 422 vomens
262 361 342 440 ignis
357 381 469 440 magna
484 381 518 422 se
533 363 613 423 mole
628 364 756 424 ferebat.
781 418 784 423 .

50 455 164 513 Attulit
178 464 210 514 et
224 455 314 514 nobis
330 455 496 532 aliquando
512 456 691 532 optantibus
707 464 792 516 aetas

50 546 196 605 auxilium
211 549 440 625 adventumque
455 548 514 608 dei.
560 551 641 607 Nam
656 549 810 609 maximus
823 550 910 622 ultor,

48 641 211 718 tergemini
226 659 301 706 nece
317 643 478 719 Geryonae
494 641 662 718 spoliisque
678 644 838 719 superbus,

49 733 177 793 Alcides
193 735 300 793 aderat
314 743 481 811 taurosque
496 735 555 793 hac
569 734 667 793 victor
682 736 795 812 agebat

51 825 195 903 Ingentis,
211 827 384 904 vallemque
398 828 495 886 boves
510 846 693 905 amnemque
708 828 865 887 tenebant.

49 920 93 977 At
107 919 194 978 furiis
210 919 286 980 Caci
301 938 388 979 mens
404 920 508 993 effera,
524 939 564 979 ne
580 920 655 998 quid
670 919 812 979 inausum

49 1020 104 1070 aut
118 1010 315 1071 intractatum
330 1012 493 1084 scelerisve
509 1013 611 1072 dolive
626 1012 746 1087 luisset,

49 1113 195 1181 quattuor
209 1125 228 1162 a
243 1105 372 1170 stabulis
387 1105 557 1182 praestanti
572 1125 698 1182 corpore
713 1115 818 1165 tauros

43 1197 169 1270 avertit,
185 1198 315 1257 totidem
329 1198 430 1256 forma
445 1208 610 1274 superante
626 1198 781 1259 iuvencas.

47 1293 154 1367 Atque
168 1290 234 1364 hos,
251 1310 290 1349 ne
306 1310 368 1368 qua
380 1291 484 1350 forent
498 1291 630 1367 pedibus
645 1292 775 1369 vestigia
789 1293 890 1365 rectis,

47 1383 149 1443 cauda
164 1382 195 1441 in
211 1384 390 1460 speluncam
405 1393 521 1444 tractos
534 1385 693 1461 versisque
708 1384 825 1444 viarum

46 1475 172 1535 indiciis
186 1486 291 1552 raptos
307 1495 382 1535 saxo
397 1477 574 1536 occultabat
588 1496 686 1554 opaco
699 1485 706 1537 ἐ

46 1568 209 1646 quaerenti
223 1569 309 1626 nulla
323 1570 363 1627 ad
378 1569 556 1646 speluncam
572 1569 661 1648 signa
673 1570 822 1629 ferebant.

46 1665 182 1736 Interea,
199 1681 268 1721 cum
284 1663 344 1720 iam
359 1661 490 1721 stabulis
505 1672 643 1723 saturata
656 1673 792 1723 moveret

45 1755 341 1834 Amphitryoniades
356 1764 494 1814 armenta
509 1755 688 1832 abitumque
702 1765 832 1832 pararet,

45 1847 189 1907 discessu
202 1847 319 1925 mugire
335 1848 440 1921 boves,
457 1857 551 1925 atque
565 1867 657 1908 omne
672 1848 816 1925 querellis

46 1936 168 2017 Impleri
183 1959 301 2014 nemus,
319 1950 349 2000 et
364 1941 459 1999 colles
475 1941 607 2001 clamore
622 1940 762 2018 relinqui.

46 2033 199 2093 Reddidit
214 2052 276 2092 una
290 2034 384 2092 boum
399 2052 507 2092 vocem
521 2042 671 2111 vastoque
687 2035 745 2093 sub
760 2043 849 2092 antro

45 2125 155 2203 mugiit
170 2135 201 2185 et
217 2126 292 2186 Caci
307 2145 394 2203 spem
409 2126 564 2186 custodita
577 2126 696 2186 fefellit.

46 2217 112 2277 Hic
126 2238 199 2278 vero
214 2218 344 2278 Alcidae
358 2219 448 2278 furiis
463 2229 617 2278 exarserat
632 2229 698 2279 atro
761 2209 763 2212 ’

42 2311 118 2370 felle
133 2312 240 2386 dolor;
263 2312 343 2388 rapit
359 2331 443 2371 arma
458 2331 551 2370 manu
565 2312 718 2390 nodisque
732 2322 891 2391 gravatum

42 2406 139 2464 robur
153 2414 184 2464 et
199 2405 274 2463 aerii
289 2424 380 2464 cursu
394 2405 472 2482 petit
487 2406 584 2464 ardua
597 2406 720 2466 montis,

43 2499 127 2556 Tum
141 2497 271 2574 primum
286 2481 383 2558 nostii
399 2501 516 2559 Cacum
531 2498 635 2570 videre
650 2498 808 2559 timentem

41 2591 263 2668 turbatumque
279 2591 397 2665 oculis;
420 2591 499 2669 fugit
513 2591 597 2651 ilicet
612 2590 697 2650 ocior
713 2595 793 2651 Euro

42 2682 288 2761 speluncamque
303 2684 400 2761 petit;
423 2684 556 2762 pedibus
571 2684 661 2743 timor
676 2685 796 2744 addidit
811 2684 884 2743 alas

41 2778 90 2837 Ut
105 2794 174 2836 sese
189 2776 313 2837 inclusit
328 2777 486 2855 ruptisque
503 2777 635 2836 immane
651 2777 769 2836 catenis
995 2789 1043 2842 ²²5

88 2919 145 2966 199.
179 2903 221 2952 Cf.
249 2904 300 2952 111.
322 2903 388 2969 656:
416 2911 488 2953 vasta
511 2921 536 2953 se
559 2906 623 2953 mole
644 2911 780 2952 moventem
805 2904 1044 2967 Polyphemum.—

41 2996 103 3033 202.
130 2979 172 3029 Cf.
186 2980 248 3028 VII.
265 2979 330 3029 661:
356 2982 500 3029 Laurentia
520 2983 601 3030 vietor
621 2981 733 3043 Geryone
750 2982 872 3028 exstineto
889 2980 1042 3042 Tirynthius

39 3058 130 3120 attigit
138 3072 205 3106 arva
217 3056 398 3120 &reiectaeque
408 3057 477 3104 boves
489 3059 517 3104 in
528 3057 643 3120 flumine
653 3056 718 3103 lavit
724 3056 942 3120 Hiberas-212,
963 3068 1042 3118 quae

41 3133 137 3185 rentiq
163 3131 205 3182 Cf.
219 3132 255 3180 ΙΙ.
268 3146 331 3197 713:
352 3134 404 3181 Est
414 3133 476 3181 urbe
487 3134 592 3196 egressis
603 3132 721 3180 tumulus
732 3132 903 3194 templumque
915 3137 1049 3178 vetustum*

41 3211 154 3259 desertae
174 3211 280 3260 Cereris.
299 3237 334 3246 --
352 3214 411 3275 216,
432 3209 556 3262 clamore.
593 3207 635 3257 Cf.
656 3207 677 3255 Ι.
698 3219 764 3272 519:
792 3208 913 3269 templum
933 3208 1042 3255 clamore

44 3285 172 3350 petebant.
