2334 3630
387 242 563 288 AENEIDOS
587 243 651 288 LIB.
679 242 751 287 VIII.

68 389 204 460 pectora,
221 389 293 441 sunt
308 379 402 440 animi
417 390 447 440 et
461 382 554 440 rebus
570 390 709 458 spectata
724 379 886 441 iuventus!

113 473 241 532 Dixerat
257 476 389 532 Aeneas
435 473 491 531 Ille
506 492 543 532 os
558 473 727 550 oculosque
743 473 897 549 loquentis

68 566 249 625 Iamdudum
264 575 294 625 et
309 575 408 625 totum
424 566 574 625 lustrabat
589 565 702 624 lumine
717 585 836 642 corpus

66 661 148 718 Tum
165 660 210 718 sic
220 664 324 736 pauca
338 661 450 718 refert:
476 662 535 719 ‘Ut
550 670 589 732 te,
606 660 772 719 fortissime
788 662 950 732 Teucrum,

66 753 185 830 accipio
202 772 400 830 agnoscoque
415 753 525 826 libens,
542 764 575 813 ut
590 754 683 812 verba
698 753 834 830 parentis
1020 764 1066 817 155

66 855 98 905 et
112 864 220 905 vocem
237 845 394 904 Anchisae
411 845 513 923 magni
529 846 706 922 voltumque
720 847 863 905 recordor
876 850 882 904 l

68 942 149 998 Nam
165 938 289 997 memini
307 939 466 997 Hesionae
482 939 632 997 visentem
647 958 741 1016 regna
756 939 868 997 sororis

66 1032 355 1091 Laomedontiaden
372 1031 535 1105 Priamum,
554 1032 709 1091 Salamina
723 1040 887 1107 petentem,

65 1124 207 1202 protinus
225 1124 377 1184 Arcadiae
392 1124 512 1202 gelidos
528 1123 659 1183 invisere
674 1124 752 1183 finis.

65 1219 148 1276 Tum
164 1216 238 1275 mihi
254 1217 352 1294 prima
367 1236 464 1295 genas
479 1217 614 1276 vestibat
627 1216 702 1276 flore
718 1217 866 1291 iuventas,
1020 1216 1066 1265 160

65 1311 260 1387 mirabarque
277 1311 372 1369 duces
388 1311 534 1382 Teucros,
551 1309 683 1369 mirabar
697 1319 728 1368 et
743 1309 843 1387 ipsum

65 1403 355 1464 Laomedontiaden
369 1426 376 1475 3
400 1403 456 1461 sed
472 1402 591 1461 cunctis
607 1402 696 1461 altior
712 1402 775 1462 ibat

65 1497 231 1557 Anchises.
278 1494 358 1553 Mihi
373 1514 460 1554 mens
476 1494 609 1553 iuvenali
625 1496 753 1554 ardebat
768 1513 871 1554 amore

66 1578 254 1666 compellare
270 1587 368 1646 virum
383 1597 413 1647 et
429 1588 554 1647 dextrae
570 1587 756 1665 coniungere
772 1588 918 1646 dextram.

65 1681 196 1742 Accessi
212 1687 244 1740 et
259 1680 389 1756 cupidus
405 1680 523 1739 Phenei
538 1681 595 1739 sub
611 1680 734 1739 moenia
749 1681 829 1740 duxi.
1020 1678 1065 1744 165

66 1775 126 1834 Ille
141 1773 215 1832 mihi
232 1773 384 1850 insignem
399 1774 574 1850 pharetram
590 1773 762 1852 Lyciasque
779 1773 906 1850 sagittas

65 1867 233 1927 discedens
249 1866 503 1945 chlamydemque
519 1885 593 1924 auro
609 1866 693 1925 dedit
709 1864 903 1924 intertextam

64 1961 216 2037 frenaque
231 1959 314 2031 bina,
331 1977 417 2017 meus
433 1978 512 2034 quae
527 1977 610 2017 nunc
625 1958 719 2017 habet
734 1977 826 2017 aurea
842 1957 953 2017 Pallas.

67 2054 149 2130 Ergo
165 2062 196 2111 et
212 2070 304 2129 quam
319 2050 432 2127 petitis,
450 2051 554 2110 iuncta
569 2061 617 2111 est
632 2051 706 2109 mihi
720 2051 846 2109 foedere
862 2051 977 2123 dextra,

65 2154 107 2219 et,
125 2145 176 2202 lux
191 2163 261 2204 cum
275 2143 406 2221 primum
421 2144 510 2203 terris
526 2164 559 2203 se
575 2144 709 2203 crastina
723 2144 840 2216 reddet,
1019 2157 1065 2204 170

66 2237 181 2319 auxilio
196 2237 294 2296 laetos
311 2236 462 2296 dimittam
478 2237 650 2313 opibusque
667 2236 786 2296 iuvabo.

66 2333 193 2391 Interea
208 2349 295 2389 sacra
310 2331 396 2403 haec,
414 2331 538 2406 quando
553 2330 613 2388 huc
628 2330 756 2389 venistis
772 2329 869 2402 amici,

66 2443 179 2496 annua,
197 2442 277 2500 quae
293 2422 415 2481 differre
431 2424 528 2495 nefas,
546 2423 698 2481 celebrate
713 2423 854 2481 faventes

65 2515 230 2576 nobiscum
246 2504 277 2575 et
293 2515 353 2573 iarn
368 2534 451 2573 nunc
467 2515 619 2574 sociorum
635 2515 810 2573 adsuescite
826 2514 960 2574 mensis!

111 2610 202 2667 Haec
217 2608 269 2667 ubi
285 2607 376 2680 dicta,
394 2609 490 2683 dapes
506 2607 591 2666 iubet
606 2618 637 2666 et
653 2608 775 2666 sublata
793 2608 899 2685 reponi
1020 2620 1065 2672 175

114 2781 171 2830 153.
191 2766 232 2817 Cf.
247 2768 283 2816 11.
297 2780 310 2829 7
315 2779 396 2831 53-4:
414 2768 519 2829 vestigia
530 2774 599 2815 retro
617 2768 744 2815 obseruata
762 2783 853 2830 sequar
863 2775 915 2829 per
932 2774 1023 2815 noctem
1043 2773 1068 2815 et

64 2845 167 2896 lumine
185 2845 273 2892 lustro.
285 2871 320 2879 -
334 2848 423 2905 163-4.
443 2843 484 2891 Cf.
505 2843 556 2891 111.
576 2843 640 2906 298:
662 2845 783 2905 Obstipui,
804 2844 917 2907 miroque
936 2845 1065 2891 incensum

70 2927 159 2986 pectus
176 2936 264 2969 amore
281 2917 430 2981 compellare
448 2920 660 2982 virum—164.
680 2919 720 2967 Cf.
736 2920 755 2966 I.
775 2919 873 2982 408-9:
898 2936 946 2968 cur
963 2920 1067 2967 dextrae

65 3000 174 3062 iungere
186 2998 304 3046 dextram
318 3012 369 3043 non
383 2995 595 3057 daturi-169.
616 2996 656 3043 cf.
671 2996 722 3043 111.
735 2995 785 3060 83:
803 2997 943 3058 [irrugimus
961 2997 1067 3057 hospitio

65 3076 173 3124 dextras
191 3081 216 3122 et
232 3080 293 3122 tecta
312 3073 433 3120 subimus.
448 3100 482 3108 —
496 3086 552 3134 171.
573 3071 614 3120 Cf.
629 3072 649 3120 Ι.
664 3084 718 3136 571,
732 3071 757 3119 in
770 3071 853 3120 which
867 3070 937 3119 Dido
957 3070 1066 3120 extends

66 3167 84 3201 a
104 3151 228 3200 welcome
255 3156 283 3198 to
304 3148 349 3198 the
369 3148 500 3197 followers
521 3148 549 3195 oi
570 3149 691 3196 Aeneas:
721 3149 822 3196 auxilia
847 3154 913 3195 tutas
937 3149 1065 3196 dimittam

66 3229 203 3291 opibusque
222 3225 431 3288 iuvabo-174.
452 3223 493 3273 Cf.
513 3224 576 3272 VII.
596 3238 662 3288 490:
680 3224 731 3272 llle
749 3258 755 3271 .
775 3259 781 3272 .
801 3259 807 3272 .
827 3240 927 3273 mensae
945 3225 1064 3273 adsuetus

65 3304 134 3354 erili.
