2334 3630
401 195 575 241 AENEIDOS
600 197 666 241 LIB.
693 198 764 243 VIII.

86 343 208 394 exercet
223 353 330 412 pens0,
348 343 467 394 castum
482 346 516 395 ut
532 354 653 395 servare
670 336 771 396 cubile

83 427 224 505 coniugis
239 436 271 486 et
286 427 384 504 possit
399 447 511 505 parvos
526 429 657 488 educere
672 438 782 489 natos:

83 521 168 580 haud
184 539 274 579 secus
290 520 473 598 Ignipotens
488 540 546 580 nec
561 531 698 598 tempore
715 521 838 601 segnior
853 522 905 582 illo

83 615 226 673 mollibus
242 633 259 672 e
275 613 379 672 stratis
393 621 488 690 opera
503 615 543 672 ad
558 615 680 674 fabriIIa
696 616 800 693 surgit.
1032 628 1081 681 415

83 707 191 766 Insula
207 706 363 766 Sicanium
378 707 462 766 iuxta
477 707 559 766 latus
574 708 777 784 Aeoliamque

83 800 207 877 erigitur
222 800 364 876 Liparen,
380 800 571 859 fumantibus
587 801 683 859 ardua
698 801 788 874 saxis

83 912 175 969 quam
191 894 296 951 subter
311 911 422 968 specus
438 902 468 951 et
485 893 654 971 Cyclopum
670 912 763 952 exesa
778 893 907 953 caminis

83 996 170 1044 antra
184 988 325 1044 Aetnaea
339 994 456 1058 tonant,
473 986 629 1062 validique
644 986 809 1045 incudibus
824 986 913 1062 ictus,

83 1079 179 1137 auditi
195 1079 332 1137 referunt
346 1078 501 1155 gemitum,
519 1078 714 1155 striduntque
729 1079 868 1138 cavernis
1031 1093 1081 1140 4²0

83 1171 242 1230 stricturae
259 1171 441 1248 Chalybum,
458 1180 489 1229 et
503 1171 682 1230 lomacibus
697 1170 777 1249 ignis
793 1171 925 1245 anhelat,

82 1264 214 1323 Volcani
229 1265 339 1322 domus
355 1273 386 1322 et
401 1263 552 1322 Volcania
568 1264 692 1323 nomine
707 1265 807 1324 tellus.

84 1358 156 1415 Hoc
170 1367 244 1414 tunc
260 1357 443 1434 Ignipotens
459 1357 545 1415 caelo
561 1357 724 1417 descendit
738 1359 777 1417 ab
793 1359 864 1417 alto.

83 1452 208 1508 Ferrum
223 1450 408 1522 exercebant
423 1459 511 1508 vasto
528 1450 680 1528 Cyclopes
695 1449 727 1508 in
742 1460 839 1523 antr0,

83 1545 274 1618 Brontesque
288 1544 494 1618 Steropesque
507 1552 538 1601 et
552 1544 654 1601 nudus
666 1545 802 1603 membra
815 1545 995 1622 Pyracmon.
1030 1555 1079 1610 4²5

83 1636 144 1694 His
159 1636 355 1694 informatum
370 1635 514 1694 manibus
529 1635 590 1693 iam
605 1645 691 1713 parte
706 1636 803 1713 polita

80 1728 197 1787 fulmen
213 1739 286 1801 erat,
303 1738 369 1787 toto
385 1728 515 1788 Genitor
531 1747 611 1804 quae
625 1729 756 1805 plurima
771 1728 858 1788 caelo

81 1821 174 1880 deicit
189 1821 221 1878 in
236 1831 341 1894 terras,
357 1840 429 1897 pars
445 1821 625 1898 imperfecta
640 1823 793 1881 manebat.

82 1914 151 1972 Tris
166 1914 271 1972 imbris
286 1914 357 1972 torti
372 1914 484 1987 radios,
502 1914 556 1972 tris
572 1914 663 1973 nubis
679 1932 815 1990 aquosae

82 2006 272 2078 addiderant,
290 2007 372 2064 rutili
387 2007 441 2065 tris
457 2006 537 2085 ignis
553 2016 583 2065 et
598 2006 680 2065 alitis
695 2006 810 2066 Austri.
1030 2021 1079 2072 430

83 2099 230 2176 Fulgores
245 2118 327 2157 nunc
342 2099 492 2159 terrificos
509 2099 705 2175 sonitumque
722 2109 899 2176 metumque

81 2191 252 2250 miscebant
267 2192 352 2267 operi
367 2191 560 2268 flammisque
577 2192 763 2268 sequacibus
779 2192 849 2252 iras.

82 2285 172 2341 Parte
188 2283 248 2341 alia
264 2285 358 2343 Marti
373 2304 556 2361 currumque
572 2296 717 2362 rotasque
732 2285 865 2344 volucris

81 2375 246 2449 instabant,
264 2377 376 2452 quibus
392 2378 442 2436 ille
458 2378 547 2451 viros,
565 2376 678 2454 quibus
693 2378 807 2438 excitat
822 2380 933 2452 urbes;

81 2467 252 2544 aegidaque
268 2469 454 2542 horriferam,
472 2472 612 2530 turbatae
629 2472 764 2530 Palladis
780 2491 872 2544 arma,
1030 2483 1079 2536 435

80 2561 218 2619 certatim
235 2563 371 2636 squamis
387 2574 563 2640 serpentum
579 2583 715 2640 auroque
731 2565 879 2641 polibant,

80 2674 278 2731 conexosque
294 2656 402 2732 anguis
418 2656 579 2732 ipsamque
595 2657 626 2714 in
642 2667 767 2732 pectore
784 2657 874 2716 divae

80 2749 227 2825 Gorgona
244 2749 369 2807 desecto
384 2758 553 2807 vertentem
569 2750 685 2807 lumina
700 2750 788 2808 collo

82 2841 210 2900 ‘Tollite
227 2842 357 2914 cuncta,’
374 2841 481 2917 inquit,
500 2849 706 2918 ‘coeptasque
722 2844 839 2901 auferte
855 2843 985 2915 labores,

80 2934 213 2993 Aetnaei
230 2935 391 3012 Cyclopea,
408 2943 439 2992 et
454 2935 514 2993 huc
530 2935 680 2994 advertite
696 2946 849 2995 mentem:
1030 2950 1079 2996 440

121 3115 181 3165 427,
200 3099 306 3150 fulmen
319 3114 387 3163 quae
400 3100 529 3164 plurima.
567 3100 607 3149 Cf.
622 3100 676 3149 Cic.
691 3101 745 3149 Mil.
759 3115 790 3164 9:
809 3101 892 3164 Atqui
902 3101 926 3148 st'
936 3106 1033 3162 tempus
1044 3107 1081 3149 est

80 3178 165 3226 ullum
185 3179 244 3225 iure
262 3178 374 3224 hominis
388 3179 503 3234 necandi,
517 3194 582 3240 quae
593 3178 676 3226 mulla
687 3184 755 3225 sunt.
767 3205 801 3213 -
812 3192 871 3240 440.
892 3176 933 3225 Cf.
946 3176 998 3224 III.
1011 3175 1078 3239 678:

80 3255 204 3302 Aetnaeus
213 3255 323 3320 fratres.
