2334 3630
399 213 571 258 AENEIDOS
596 214 661 257 LIB.
687 214 758 258 VIII.
1038 211 1073 275 15

82 354 176 411 Hanc
192 354 288 410 Ianus
303 339 398 428 pater,
415 353 497 410 hanc
514 354 663 411 Saturnus
679 351 818 410 condidit
834 371 954 412 arcem:

81 445 253 503 Ianiculum
269 445 350 518 huic,
367 445 411 502 illi
425 446 526 504 fuerat
542 445 685 504 Saturnia
701 445 832 503 nomen!

80 538 211 596 Talibus
227 537 306 595 inter
321 557 354 596 se
371 538 462 596 dictis
478 539 517 596 ad
533 547 615 596 tecta
630 538 776 596 subibant

79 630 224 707 pauperis
241 630 376 688 Euandri
392 631 570 706 passimque
586 641 724 689 armenta
739 631 886 689 videbant
993 694 995 698 λ
1029 631 1078 695 360

80 725 284 798 Romanoque
299 724 367 781 foro
383 732 413 781 et
428 723 520 781 lautis
536 723 651 800 mugire
668 723 797 782 Carinis.

80 817 124 874 Ut
139 824 264 874 ventum
280 815 318 873 ad
335 816 445 874 sedes:
471 816 598 888 ‘Haec,²
614 815 722 891 inquit,
741 816 862 873 ‘limina
878 817 975 874 victor

80 908 207 967 Alcides
223 908 324 980 subiit,
341 909 419 966 haec
435 908 519 966 illum
534 908 617 985 regia
633 909 722 984 cepit.

80 1002 179 1073 Aude,
197 1001 320 1077 hospes,
338 1011 535 1060 contemnere
551 1021 626 1077 opes
642 1011 673 1060 et
687 1010 719 1060 te
735 1021 859 1077 quoque
874 1002 1001 1078 dignum

79 1095 161 1170 finge
178 1095 237 1152 deo
251 1095 406 1169 rebusque
421 1093 492 1152 veni
507 1112 570 1152 non
586 1113 677 1170 asper
692 1093 818 1170 egenis!
1029 1093 1077 1159 365

81 1186 175 1259 Dixit,
192 1196 223 1245 et
238 1187 361 1264 angusti
377 1187 483 1245 subter
496 1186 622 1263 fastigia
637 1187 711 1245 tecti

80 1280 237 1356 ingentem
252 1282 382 1337 Aenean
398 1279 485 1338 duxit
500 1280 665 1354 stratisque
681 1279 794 1338 locavit

80 1373 221 1431 effultum
235 1371 317 1430 foliis
333 1381 364 1430 et
379 1371 459 1448 pelle
475 1371 644 1450 Libystidis
660 1392 757 1431 ursae.

123 1468 195 1524 Nox
209 1465 269 1523 ruit
284 1475 315 1524 et
328 1464 425 1523 fuscis
441 1465 580 1523 tellurem
596 1465 790 1540 amplectitur
804 1466 870 1525 alis.

80 1561 122 1617 At
137 1560 246 1616 Venus
261 1559 345 1617 haud
360 1557 463 1616 animo
478 1558 667 1633 nequiquam
682 1558 825 1617 exterrita
840 1568 945 1632 mater,
1029 1572 1079 1623 370

81 1654 331 1726 Laurentumque
346 1650 438 1708 minis
453 1660 484 1709 et
499 1651 575 1709 duro
591 1662 675 1709 mota
690 1651 829 1725 tumultu,

80 1745 255 1803 Volcanum
270 1743 447 1818 adloquitur
461 1743 658 1819 thalamoque
673 1743 751 1803 haec
766 1743 906 1821 coniugis
922 1762 1015 1802 aureo

81 1836 189 1913 incipit
204 1845 235 1894 et
250 1836 341 1895 dictis
357 1836 495 1895 divinum
510 1836 626 1912 aspirat
641 1856 795 1895 amorem:

84 1931 183 1987 ‘Dum
197 1929 280 1988 bello
295 1929 431 2006 Argolici
446 1930 612 1988 vastabant
628 1931 777 2005 Pergama
793 1949 880 2006 reges

82 2022 188 2081 debita
203 2040 390 2097 casurasque
406 2020 537 2080 inimicis
553 2021 676 2098 ignibus
692 2041 787 2095 arces,
1030 2035 1078 2088 375

82 2135 144 2173 non
160 2114 255 2173 ullum
270 2114 414 2172 auxilium
431 2114 558 2187 miseris,
575 2134 638 2173 non
654 2134 738 2172 arma
752 2115 857 2191 rogavi

82 2208 155 2266 artis
170 2207 301 2284 opisque
316 2217 387 2266 tuae
401 2231 408 2280 ;
432 2226 490 2266 nec
505 2218 544 2280 te,
561 2207 718 2266 carissime
733 2208 876 2281 coniunx,

81 2299 275 2359 incassumve
290 2309 360 2359 tuos
376 2299 458 2358 volui
474 2319 615 2359 exercere
631 2302 761 2373 labores,

82 2393 222 2469 quamvis
238 2402 268 2452 et
284 2393 397 2451 Priami
412 2394 557 2452 deberem
572 2393 702 2470 plurima
717 2394 798 2453 natis

82 2496 112 2545 et
128 2486 237 2544 durum
252 2489 379 2545 Aeneae
394 2486 548 2544 flevissem
564 2506 657 2563 saepe
673 2487 817 2546 laborem.
1031 2487 1080 2554 380

83 2582 175 2638 Nunc
192 2579 274 2637 Iovis
291 2578 426 2655 imperiis
444 2579 627 2638 Rutulorum
642 2581 781 2639 constitit
796 2580 877 2640 oris:

82 2692 154 2750 ergo
169 2660 279 2731 eadem
294 2672 422 2748 supplex
437 2673 528 2732 venio
543 2683 574 2732 et
589 2683 730 2731 sanctum
746 2673 819 2731 mihi
834 2693 948 2732 numen

82 2784 167 2823 arma
181 2784 263 2842 rog0,
280 2765 418 2842 genetrix
433 2775 516 2825 nat0.
561 2767 607 2824 Te
621 2766 684 2823 filia
700 2766 801 2838 Nerei,

81 2867 112 2918 te
126 2859 227 2935 potuit
242 2858 375 2917 lacrimis
390 2859 537 2916 Tithonia
552 2859 675 2917 flectere
691 2859 833 2918 coniunx.

123 3048 216 3108 360-1,
243 3042 374 3092 videbant
395 3041 510 3105 mugire.
554 3042 595 3090 Cf.
616 3043 780 3106 IV.49<>1:
807 3045 907 3104 mugire
925 3045 1018 3091 videbis
1035 3043 1080 3090 sub

85 3120 190 3182 pedibus
224 3125 329 3166 terram.
353 3146 387 3154 —
410 3133 469 3183 373,
500 3118 593 3169 dictis.
641 3118 682 3165 Cf.
711 3120 742 3166 V.
764 3118 830 3179 607:
866 3126 951 3166 ventos
981 3120 1082 3180 aspirat

79 3196 206 3245 eunti.-
220 3200 278 3257 384.
307 3193 349 3242 Cf.
369 3194 400 3242 G.
423 3194 444 3242 I.
465 3207 532 3255 447:
564 3195 670 3242 Tithoni
692 3210 804 3243 croceum
831 3195 952 3260 linquens
971 3196 1079 3243 Aurora

21 3277 24 3282 '
80 3273 168 3322 cubile.
