2334 3630
132 271 172 318 10
312 342 315 346 ι
440 279 470 324 Ρ.
496 279 638 324 VERGILI
663 280 815 325 MARONIS

127 411 240 473 deiecit
255 433 371 489 saxum,
387 416 469 477 ferro
485 417 569 494 quod
584 426 615 478 et
630 427 695 479 arte
710 429 840 496 patema

126 506 291 581 pendebat,
307 508 463 587 fultosque
479 511 607 570 emuniit
622 511 711 571 obice
726 512 833 589 postis,

125 617 198 657 ecce
215 599 320 659 furens
336 601 446 661 animis
462 603 569 663 aderat
585 603 773 683 Tirynthius,
790 625 973 683 omnemque

125 712 286 751 accessum
303 693 437 753 lustrans
452 695 512 756 huc
528 715 582 754 ora
596 697 716 757 ferebat
732 707 763 757 et
777 697 858 772 illuc,

124 786 269 846 dentibus
286 785 475 848 infrendens.
520 791 582 848 Ter
596 799 695 849 totum
710 790 846 850 fervidus
862 791 907 850 ira

124 879 233 939 lustrat
250 879 397 939 Aventini
412 891 548 940 montem
561 906 568 956 ;
592 892 639 942 ter
654 903 747 942 saxea
761 893 891 960 temptat

124 973 230 1031 limina
247 973 453 1051 nequiquam;
477 984 524 1034 ter
538 975 639 1034 fessus
654 977 733 1035 valle
749 977 871 1036 resedit.

125 1067 234 1126 Stabat
250 1077 341 1125 acuta
356 1067 440 1140 silex,
457 1067 606 1144 praecisis
621 1070 757 1147 undique
773 1069 854 1142 saxis

123 1160 290 1236 speluncae
307 1161 400 1219 dorso
415 1159 585 1237 insurgens,
603 1161 752 1221 altissima
767 1162 843 1235 visu,

123 1252 257 1311 dirarum
273 1252 354 1311 nidis
371 1253 480 1311 domus
496 1263 669 1331 opportuna
683 1255 851 1314 volucrum.

125 1346 226 1418 Hanc,
244 1356 278 1405 ut
293 1365 391 1422 prona
406 1345 478 1422 iugo
494 1346 613 1405 laevum
629 1347 827 1407 incumbebat
842 1348 882 1406 ad
898 1366 1027 1419 amnem,

123 1439 230 1497 dexter
245 1438 277 1496 in
293 1439 455 1521 adversum
471 1438 573 1498 nitens
589 1439 745 1498 concussit
760 1450 791 1499 et
806 1439 876 1499 imis

123 1531 260 1589 avolsam
276 1530 368 1591 solvit
383 1531 538 1591 radicibus
551 1555 557 1605 3
582 1531 654 1590 inde
669 1542 795 1608 repente

122 1623 242 1700 impulit
255 1648 262 1697 ;
286 1624 419 1700 impulsu
435 1644 497 1701 quo
512 1624 662 1683 maximus
678 1623 798 1683 intonat
813 1625 927 1699 aether,

122 1716 289 1776 dissultant
306 1717 390 1793 ripae
406 1717 568 1794 refluitque
584 1716 746 1776 exterritus
762 1718 869 1777 amnis

122 1811 166 1869 At
180 1828 292 1886 specus
309 1820 340 1869 et
356 1809 431 1870 Caci
447 1811 570 1869 detecta
585 1810 726 1887 apparuit
741 1809 850 1888 ingens

121 1901 213 1980 regia,
231 1912 262 1961 et
278 1904 441 1961 umbrosae
457 1903 581 1979 penitus
596 1913 722 1980 patuere
738 1922 908 1963 cavernae:

121 2014 185 2053 non
201 2013 291 2054 secus
307 2014 344 2053 ac
359 1994 385 2054 si
401 2015 462 2073 qua
476 1996 600 2072 penitus
615 1997 645 2055 vi
659 2006 740 2056 terra
754 1996 919 2057 dehiscens

121 2086 259 2147 infernas
275 2097 390 2147 reseret
406 2089 496 2148 sedes
512 2098 544 2148 et
558 2108 653 2166 regna
667 2090 805 2149 recludat

120 2181 245 2258 pallida,
263 2181 311 2240 dis
328 2181 434 2254 invisa,
452 2200 604 2258 superque
621 2181 752 2241 immane
767 2182 945 2242 barathrum

121 2284 271 2347 cernatur,
289 2273 506 2350 trepidentque
522 2273 659 2333 immisso
674 2274 788 2333 lumine
805 2277 924 2333 Manes.

122 2370 202 2443 Ergo
218 2366 375 2442 insperata
392 2366 576 2441 deprensum
592 2365 623 2423 in
638 2365 706 2424 luce
721 2377 847 2443 repente

121 2459 334 2536 inclusumque
351 2477 428 2517 cavo
444 2478 519 2517 saxo
534 2468 627 2534 atque
643 2458 764 2516 insueta
779 2460 940 2518 rudentem

120 2552 254 2629 desuper
270 2551 397 2611 Alcides
413 2551 483 2610 telis
497 2551 608 2628 premit
624 2551 788 2629 omniaque
804 2541 887 2610 drma

121 2646 252 2705 advocat
268 2655 299 2705 et
315 2645 407 2704 ramis
423 2644 579 2722 vastisque
596 2644 763 2704 molaribus
779 2645 882 2704 instat.

121 2738 178 2797 Ille
196 2750 306 2812 autem,
325 2758 425 2815 neque
442 2739 523 2797 enim
538 2738 612 2815 fuga
628 2737 688 2796 iam
705 2757 796 2815 super
811 2738 874 2796 ulla
888 2737 1002 2814 pericli,

119 2831 262 2891 faucibus
279 2831 435 2909 ingentem
450 2833 576 2904 fumum,
593 2831 731 2890 mirabile
747 2831 840 2904 dictu,

121 2924 235 2984 evomit
252 2925 441 3002 involvitque
457 2926 581 2984 domum
597 2923 727 3001 caligine
744 2943 846 2997 caeca,

164 3123 255 3170 241-2.
276 3108 317 3157 Cf.
332 3109 368 3157 11.
381 3107 470 3173 483—4,
484 3108 569 3157 where
588 3107 632 3157 the
651 3106 753 3157 sudden
773 3107 851 3156 effect
863 3106 946 3156 which
958 3106 1061 3157 follows
1075 3110 1122 3161 the

120 3183 240 3248 bursting
252 3199 320 3248 open
330 3184 359 3233 of
371 3184 415 3234 the
428 3184 494 3233 door
503 3184 533 3233 of
545 3183 652 3233 Priam’s
664 3184 753 3247 palace
765 3183 798 3249 by
809 3184 953 3249 Pyrrhusis
970 3183 1120 3238 described:

120 3263 238 3323 Apparet
254 3263 343 3310 domus
361 3263 438 3320 intus,
450 3268 475 3310 et
490 3263 559 3311 atria
577 3262 653 3324 longa
664 3266 802 3323 patescunt
805 3275 818 3319 ;
835 3266 963 3324 apparent
978 3262 1088 3312 Priami
1097 3272 1125 3315 et

118 3344 231 3385 veterum
241 3339 388 3400 penetralia
401 3353 496 3402 regum.
