2334 3630
82 240 123 286 22
390 242 419 288 P.
445 242 586 288 VERGlLl
612 243 764 305 MARONIs

81 378 197 458 Thybri
212 384 319 456 pater!
364 383 499 441 Poscant
514 380 598 441 acies
613 391 644 441 et
658 382 787 441 foedera
801 391 944 457 rumpant
956 383 980 440 l'
1029 394 1079 447 540

124 474 213 531 Haec
228 472 281 531 ubi
296 472 379 532 dicta
395 474 489 546 dedit,
506 474 584 533 solio
600 494 633 533 se
649 474 727 533 tollit
742 476 782 534 ab
798 474 859 533 alto
872 497 878 546 ;

81 574 112 624 et
125 565 256 642 primum
273 566 436 625 Herculeis
452 567 569 643 sopitas
584 567 708 645 ignibus
723 586 792 626 aras

81 658 194 718 excitat
207 659 448 735 hesternumque
464 662 574 718 Larem
589 679 763 737 parvosque
780 659 905 719 Penatis

80 751 179 819 laetus
195 751 260 810 adit
273 774 280 824 ;
302 762 439 811 mactant
453 752 549 811 lectas
565 753 604 811 de
620 771 703 811 more
718 752 853 812 bidentis

82 844 244 902 Euandrus
259 843 380 920 pariter,
397 844 510 920 pariter
525 845 660 904 Troiana
675 845 827 904 iuventus.

82 938 157 995 Post
172 936 244 995 hinc
259 937 299 994 ad
313 936 401 995 navis
415 937 553 1014 graditur
568 937 731 1014 sociosque
745 937 869 1011 revisit;

81 1048 209 1105 quorum
225 1030 264 1088 de
279 1048 414 1102 numer0,
432 1029 484 1106 qui
500 1049 569 1089 sese
584 1029 616 1087 in
630 1030 712 1089 bella
728 1039 903 1106 sequantur,

80 1122 265 1198 praestantis
280 1121 392 1181 virtute
407 1122 480 1199 legit
493 1146 499 1194 3
522 1142 593 1198 pars
609 1133 711 1181 cetera
725 1143 823 1199 prona

80 1215 176 1272 fertur
191 1233 271 1290 aqua
287 1214 452 1291 segnisque
468 1216 606 1273 secundo
621 1215 728 1274 defluit
744 1215 834 1289 amni,

81 1307 188 1365 nuntia
203 1317 332 1366 ventura
346 1307 482 1366 Ascanio
497 1327 660 1383 rerumque
675 1308 841 1385 patrisque.

82 1401 204 1459 Dantur
219 1400 290 1476 equi
305 1400 433 1459 Teucris
448 1401 608 1478 Tyrrhena
622 1401 800 1477 petentibus
816 1420 907 1474 arva3

82 1492 198 1551 ducunt
213 1502 365 1551 exsortem
381 1496 514 1566 Aeneae,
532 1513 623 1569 quem
638 1493 723 1552 fulva
737 1493 836 1552 leonis

80 1585 170 1661 pellis
186 1585 251 1644 obit
266 1595 364 1644 totum
379 1586 575 1663 praefulgens
590 1587 744 1664 unguibus
760 1587 869 1646 aureis.

125 1680 219 1736 Fama
233 1679 317 1737 volat
332 1698 457 1754 parvam
472 1679 575 1738 subito
591 1680 712 1756 volgata
726 1699 782 1756 per
796 1681 903 1738 urbem

81 1771 167 1830 ocius
183 1771 226 1830 ire
242 1771 361 1847 equites
376 1771 526 1850 Tyrrheni
542 1773 582 1830 ad
597 1772 686 1840 litora
700 1772 789 1849 regis

81 1866 163 1922 Vota
179 1873 262 1922 metu
277 1864 435 1940 duplicant
450 1874 572 1937 matres
588 1864 775 1941 propiusque
790 1864 906 1941 periclo

82 1956 105 2015 it
119 1957 217 2030 timor,
235 1967 266 2015 et
281 1957 377 2016 maior
392 1956 502 2016 Martis
518 1957 578 2015 iam
593 1967 721 2034 apparet
736 1957 845 2033 imag0.

82 2051 162 2108 Turn
176 2060 264 2126 pater
280 2051 441 2109 Euandrus
456 2051 595 2108 dextram
610 2051 787 2126 complexus
802 2049 903 2109 euntis

81 2143 195 2215 haeret,
213 2143 386 2219 inexpletus
401 2142 572 2217 lacrimans,
589 2161 626 2201 ac
640 2142 714 2201 talia
728 2144 829 2201 latur:

83 2237 127 2295 ‘O
142 2235 216 2292 mihi
231 2235 412 2312 praeteritos
427 2237 539 2294 referat
553 2235 579 2295 si
595 2235 733 2312 Iuppiter
748 2254 855 2308 annos,

82 2328 181 2404 qualis
197 2347 280 2387 eram
295 2347 365 2386 cum
380 2328 509 2403 primam
524 2328 622 2387 aciem
638 2330 804 2387 Praeneste
820 2329 878 2386 sub
895 2326 963 2404 ipsa

82 2419 176 2480 stravi
192 2431 408 2496 scutorumque
425 2420 548 2479 incendi
563 2421 661 2480 victor
676 2440 802 2479 acervos

81 2552 115 2600 he
133 2552 188 2617 lays
201 2552 277 2601 down
297 2553 341 2601 the
360 2554 426 2601 reins
446 2553 475 2601 of
492 2561 663 2616 govemment
682 2553 749 2601 alter
761 2554 847 2618 vainly
859 2552 1037 2618 endeavoring
1051 2560 1081 2604 to

81 2628 204 2677 dissuade
216 2629 257 2678 his
268 2631 362 2692 people
374 2629 442 2677 from
454 2644 512 2686 war,
526 2630 588 2678 VII.
604 2641 681 2694 5957
695 2646 701 2676 ε

304 2706 353 2755 Ipsi
363 2705 403 2745 has
414 2706 520 2756 sacrilega
528 2705 626 2756 pendetis
638 2706 744 2755 sanguine
753 2709 840 2754 poenas,

305 2779 318 2804 a
330 2765 412 2805 mnirari.
444 2766 480 2814 Ye,
498 2766 578 2814 Turne,
592 2764 661 2815 nefas,
675 2769 695 2804 te
708 2766 770 2804 triste
784 2764 878 2804 manebn

305 2825 440 2874 supplicium,
450 2825 545 2876 votz'sqm
556 2823 605 2864 deos
618 2824 746 2865 venerabere
757 2824 817 2865 serti.

123 2905 215 2954 ⁵42-s·
236 2890 278 2940 Cf·
291 2892 323 2939 V·
337 2904 436 2957 743-5ι

279 2968 342 3007 Haec
355 2980 479 3008 memorans
491 2968 584 3008 cinerm
597 2971 619 3007 et
631 2967 707 3016 sopitos
719 2967 809 3008 maniat
821 2967 885 3018 ignia

279 3028 467 3078 Perganuumqus
480 3028 564 3068 harem
577 3031 599 3067 ei
610 3040 677 3067 canae
686 3027 811 3077 penetralia
828 3027 903 3067 Vestae

277 3086 348 3138 ,tarra
356 3088 394 3136 pio
406 3091 428 3127 et
436 3088 502 3136 plena
514 3087 605 3137 supplex
617 3090 736 3127 vomatur
747 3099 833 3126 acerra.

121 3152 213 3212 558—9,
231 3145 356 3199 dextram
367 3147 523 3211 complexus
535 3148 637 3198 haeret.
669 3146 709 3195 ef.
723 3163 746 3196 v.
762 3151 924 3212 124-562,
943 3147 1083 3199 scutorum

82 3259 107 3275 ..
117 3260 124 3274 .
133 3236 252 3275 acervos.
277 3222 319 3272 Cf.
333 3223 460 3272 Servius's
471 3231 545 3272 note:
562 3223 721 3287 Tarquinius
729 3224 842 3281 Priscus,
852 3215 924 3272 inicn's
932 3223 1042 3282 Sabinis,
1051 3225 1082 3274 in

80 3299 199 3349 honorem
214 3299 324 3348 Vulcani
333 3315 419 3349 aarum
428 3300 654 3350 armasuccendit:
672 3316 744 3365 quem
752 3307 837 3363 postea
846 3299 923 3349 secuti
929 3300 1082 3351 suntceteri.
