2334 3630
404 222 577 269 AENEIDOS
603 224 668 269 LlB.
695 223 766 268 VIII.
1045 224 1079 270 11

87 363 285 440 prospectum
300 361 433 440 eripiens
448 362 554 436 oculis,
571 363 781 440 glomeratque
797 364 855 422 sub
871 372 959 423 antro

86 456 261 516 fumiferam
276 466 400 515 noctem
416 455 588 515 commixtis
605 455 675 532 igne
690 455 836 515 tenebris
1036 469 1083 521 255

88 551 160 607 Non
176 549 246 608 tulit
261 548 387 607 Alcides
403 548 513 606 animis
529 567 624 624 seque
641 548 706 624 ipse
722 567 777 625 per
792 549 893 626 ignem

87 641 246 718 praecipiti
263 641 333 699 iecit
349 642 437 713 saltu,
456 660 516 717 qua
531 641 679 716 plurimus
695 643 810 700 undam

85 735 188 793 fumus
204 733 267 811 agit
282 734 457 810 nebulaque
474 733 582 810 ingens
598 753 709 810 specus
726 744 847 793 aestuat
862 745 936 794 atra.

89 827 151 885 Hic
167 829 282 887 Cacum
298 825 481 886 intenebris
497 827 642 886 incendia
657 847 738 885 vana
753 838 927 887 vomentem

87 919 211 996 corripit
226 919 257 976 in
273 919 389 978 nodum
404 920 581 995 complexus
598 930 628 979 et
644 920 728 997 angit
745 920 908 979 inhaerens

86 1012 179 1071 elisos
195 1012 300 1071 oculos
316 1022 347 1071 et
362 1012 477 1070 siccum
493 1013 642 1089 sanguine
658 1024 770 1090 guttur.

87 1105 236 1164 Panditur
251 1105 404 1182 extemplo
418 1105 537 1164 foribus
552 1106 661 1164 domus
677 1115 743 1164 atra
757 1105 893 1180 revolsis,

86 1199 321 1275 abstractaeque
336 1199 432 1257 boves
448 1197 668 1274 abiurataeque
683 1199 809 1275 rapinae

86 1292 172 1350 caelo
188 1292 401 1362 ostenduntur,
418 1290 612 1368 pedibusque
628 1291 757 1350 informe
773 1293 906 1351 cadaver

85 1384 279 1460 protrahitur.
325 1387 494 1460 Nequeunt
509 1383 624 1460 expleri
639 1385 732 1443 corda
748 1386 865 1444 tuendo

86 1476 229 1536 terribilis
245 1476 360 1550 oculos,
378 1476 495 1535 voltum
510 1477 680 1553 villosaque
697 1477 791 1536 saetis

85 1579 211 1646 pectora
227 1569 361 1628 semiferi
376 1578 468 1646 atque
484 1569 652 1628 exstinctos
667 1570 809 1629 faucibus
825 1569 913 1647 ignis.

86 1665 131 1721 Ex
146 1661 199 1721 illo
214 1661 387 1721 celebratus
403 1662 512 1735 honos,
529 1663 664 1740 laetique
678 1662 812 1722 minores

85 1774 245 1814 servavere
260 1755 351 1828 diem,
368 1755 545 1832 primusque
562 1755 693 1815 Potitius
709 1766 816 1815 auctor

85 1857 117 1907 et
131 1849 242 1908 domus
259 1847 405 1907 Herculei
421 1857 526 1907 custos
542 1847 665 1906 Pinaria
680 1849 767 1908 sacri.

87 1942 179 2000 Hanc
195 1959 278 1999 aram
293 1941 363 1999 luco
379 1940 494 2013 statuit,
512 1960 591 2018 quae
609 1941 746 1999 Maxima
761 1960 882 2018 semper

86 2033 205 2093 dicetur
219 2033 309 2092 nobis
325 2043 356 2092 et
371 2033 428 2092 erit
444 2052 522 2111 quae
538 2033 670 2092 maxima
685 2053 813 2111 semper.

86 2127 188 2200 Quare
204 2126 293 2204 agite,
311 2146 329 2185 o
345 2125 481 2198 iuvenes,
498 2135 651 2185 tantarum
668 2126 699 2184 in
715 2145 840 2186 munere
856 2127 981 2186 laudum

85 2219 197 2296 cingite
212 2219 322 2278 fronde
338 2238 442 2278 comas
458 2229 489 2279 et
503 2218 614 2296 pocula
630 2219 749 2297 porgite
765 2219 879 2279 dextris

84 2331 338 2388 communemque
354 2323 461 2370 vocate
477 2313 569 2371 deum
584 2322 615 2372 et
630 2313 701 2371 date
716 2313 788 2371 vina
802 2314 962 2372 volentes'
1032 2326 1080 2379 275

85 2404 231 2463 Dixerat:
256 2404 411 2463 Herculea
426 2405 543 2463 bicolor
558 2424 626 2464 cum
642 2406 774 2482 populus
790 2407 898 2465 umbra

83 2497 257 2574 velavitque
273 2517 377 2556 comas
392 2498 537 2574 foliisque
554 2498 665 2557 innexa
681 2500 837 2575 pependit,

83 2599 114 2649 et
128 2608 216 2649 sacer
230 2589 368 2667 implevit
383 2591 521 2649 dextram
537 2592 679 2670 scyphus.
726 2592 821 2651 Ocius
837 2612 944 2652 omnes

82 2682 113 2740 in
129 2702 268 2742 mensam
283 2683 355 2741 laeti
372 2683 469 2742 libant
485 2685 634 2760 divosque
650 2695 821 2760 precantur.

124 2779 252 2836 Devexo
267 2775 384 2835 interea
399 2776 522 2853 propior
536 2778 571 2835 fit
586 2779 706 2853 Vesper
722 2778 863 2857 Olympo.
1032 2779 1080 2828 280

123 2917 183 2969 254,
200 2903 319 2968 eripiens
336 2903 430 2954 oeulis.
461 2903 502 2952 Cf.
516 2903 536 2951 I.
549 2903 599 2952 88:
617 2904 748 2965 Eripiunt
758 2905 837 2952 subito
849 2905 924 2952 nubes
935 2906 1081 2968 caelumque

83 2981 198 3044 diemque
214 2981 367 3029 Teucrorum
387 2996 419 3028 ex
439 2981 523 3028 oculu.
533 2985 635 3041 —256.
656 2979 696 3028 Cf.
710 2980 746 3028 11.
760 2994 826 3042 407:
851 2983 912 3029 Non
933 2982 994 3029 tulit
1012 2982 1079 3029 hauc

80 3060 181 3118 speciem
187 3058 295 3120 furiata
307 3063 388 3105 mente
398 3057 519 3106 Coroebus
529 3064 558 3115 et,
567 3064 717 3121 etc-273,
736 3057 857 3107 laudum.
893 3057 933 3105 Cf.
949 3058 995 3106 IX.
1010 3072 1023 3106 2
1028 3071 1057 3122 52
1069 3074 1075 3105 ε

82 3134 151 3193 Quae
167 3133 241 3190 uobis,
254 3149 318 3196 quae
338 3134 423 3195 dt'gua,
443 3135 502 3190 uiri,
516 3142 568 3196 pro
586 3134 706 3181 laudibus
724 3135 779 3181 istis
791 3135 910 3195 praemia
923 3141 997 3195 posse
1017 3151 1077 3182 rear

80 3210 165 3259 solvi?
179 3237 214 3245 -
231 3214 289 3272 276.
317 3208 357 3258 Cf.
379 3209 432 3258 Ecl.
453 3210 515 3257 VII.
536 3209 586 3260 61:
615 3211 731 3272 Populus
750 3210 857 3258 Alcidae
872 3210 1077 3273 gratissima.—

81 3300 139 3348 279.
159 3285 200 3335 Cr.
214 3284 235 3333 1.
248 3284 315 3350 736:
333 3287 362 3332 in
374 3301 486 3334 mensam
500 3287 605 3334 laticum
619 3286 711 3335 libauit
721 3286 855 3336 honorem.
