2334 3630
352 489 381 537 P.
408 487 559 537 VERGILI
587 485 755 535 MARONIS

257 663 849 748 AENEIDOS

368 863 498 920 LIBER
527 861 739 921 OCTAVUS.

478 1042 626 1056 ——Q—

57 1163 110 1220 Ur
124 1159 197 1219 belli
211 1160 333 1238 signum
349 1159 496 1217 Laurenti
511 1160 633 1217 Turnus
649 1159 688 1217 ab
705 1177 774 1218 arce

49 1241 166 1313 ἓκωΙίῒ
180 1262 211 1312 et
226 1271 319 1311 rauco
335 1259 530 1327 strepuerunt
545 1270 660 1310 cornua
675 1261 777 1324 cantu,
951 1325 956 1336 Ι

56 1356 152 1423 utque
168 1345 246 1404 acris
262 1344 419 1404 concussit
434 1363 531 1421 equos
547 1354 641 1421 utque
657 1344 777 1421 impulit
792 1361 884 1414 arma,

56 1439 209 1515 extemplo
224 1431 339 1496 turbati
355 1437 457 1510 animi,
474 1437 564 1496 simul
579 1456 670 1496 omne
686 1436 817 1496 tumultu

56 1532 197 1591 coniurat
212 1529 332 1607 trepido
348 1530 470 1589 Latium
486 1529 644 1607 saevitque
660 1529 804 1588 iuventus

56 1624 161 1684 effera.
207 1625 361 1682 Ductores
375 1622 465 1699 primi
481 1624 647 1700 Messapus
662 1632 694 1682 et
709 1623 809 1682 Ufens

56 1725 313 1792 contemptorque
328 1716 420 1774 deum
436 1715 611 1774 Mezentius
628 1716 763 1793 undique
779 1724 894 1792 cogunt

57 1809 171 1867 auxilia
185 1816 216 1867 et
231 1808 311 1867 latos
326 1817 450 1867 vastant
465 1809 633 1868 cultoribus
648 1827 747 1886 agros,

101 1900 234 1959 Mittitur
248 1910 280 1959 et
294 1900 398 1978 magni
413 1901 553 1959 Venulus
570 1900 730 1960 Diomedis
746 1901 786 1959 ad
802 1900 916 1973 urbem,

57 1994 110 2071 qui
125 2001 211 2070 petat
226 1993 371 2051 auxilium
390 2002 429 2066 et,
447 1993 537 2053 Latio
553 1993 722 2052 consistere
738 1995 886 2066 Teucros
1024 2005 1053 2039 10

40 2156 44 2162 ‚
58 2087 221 2146 advectum
237 2089 367 2145 Aenean
383 2086 475 2145 classi
489 2086 650 2163 victosque
668 2086 793 2145 Penatis

56 2179 169 2238 inferre
185 2188 216 2238 et
230 2179 302 2238 fatis
317 2198 420 2256 regem
436 2199 469 2238 se
485 2179 588 2238 dicere
604 2179 699 2257 posci,

56 2273 196 2345 edoceat,
213 2272 386 2348 multasque
402 2273 467 2331 viro
484 2292 518 2331 se
534 2272 700 2350 adiungere
715 2272 817 2350 gentis

57 2364 218 2439 Dardanio
233 2373 264 2423 et
278 2364 339 2423 late
355 2365 445 2423 Latio
461 2365 686 2424 increbrescere
702 2385 824 2424 nomen.

56 2457 142 2530 Quid
157 2465 255 2515 struat
270 2457 318 2515 his
334 2457 461 2534 coeptis,
479 2477 578 2534 quem,
595 2458 621 2517 si
636 2459 761 2517 fortuna
776 2466 930 2535 sequatur,
1025 2469 1054 2520 Ι5

56 2558 201 2608 eventurn
217 2568 339 2626 pugnae
355 2551 468 2626 cupiat,
485 2551 680 2610 manifestius
695 2551 754 2627 ipsi

55 2661 149 2718 quam
165 2643 271 2700 Turno
288 2642 351 2720 regi
367 2652 420 2702 aut
435 2644 498 2720 regi
514 2663 661 2719 apparere
678 2644 798 2703 Latino

105 2808 128 2842 1.
149 2791 191 2839 Cf.
205 2792 280 2840 Caes.
294 2793 322 2839 B.
336 2792 367 2841 G.
382 2794 418 2840 11.
432 2807 463 2842 20
475 2810 480 2840 :
505 2795 630 2841 uexillum
645 2795 849 2856 proponendum,
862 2795 932 2857 quod
946 2799 1002 2841 erat
1019 2794 1056 2839 in·

54 2870 126 2932 sigm
137 2884 194 2915 cum
207 2869 244 2916 ua'
256 2884 331 2916 arma
350 2871 470 2917 concurri
487 2877 614 2932 oporteret.
625 2899 660 2906 —
671 2886 696 2932 3.
717 2870 758 2918 Cf.
772 2871 803 2918 V.
818 2870 915 2931 146-7:
933 2870 1057 2917 immissis

53 2945 162 3007 aurigae
173 2945 300 2992 undantia
312 2946 369 2994 lora
381 2962 524 2994 concussere
535 2948 604 3009 iugis
610 2962 622 3004 ;
640 2947 696 2995 also
707 2947 772 2994 XII.
783 2960 797 3010 3
800 2960 864 3010 32-3
877 2963 882 2993 :
901 2946 1057 3008 sanguineus

54 3021 164 3070 Mavors
179 3021 257 3082 clipeo
274 3021 396 3083 increpat,
410 3023 473 3071 bella
488 3039 595 3070 movens.
607 3051 641 3060 —
653 3037 678 3085 7.
698 3022 740 3071 Cf.
754 3023 816 3070 VII.
829 3021 929 3083 647-8:
948 3022 1057 3069 Primus

55 3097 107 3145 init
123 3097 216 3145 bellum
237 3105 391 3159 contemptor
408 3100 492 3147 di'vom
506 3100 653 3147 Mezentius.
666 3127 700 3135 —
713 3115 753 3149 12.
774 3098 815 3146 Cf.
829 3098 960 3147 Latinus's
978 3103 1056 3146 state·

55 3181 136 3231 ment,
149 3173 212 3221 VII.
226 3187 291 3235 272:
309 3175 388 3223 Hunc
400 3176 476 3223 illum
484 3182 586 3237 poscere
595 3177 657 3240 sata
670 3191 733 3224 reor.
