2334 3630
105 244 147 304 28
417 259 446 304 P.
472 256 613 301 vnnorur
639 257 792 302 MAROle

105 401 214 456 Bactra
229 397 313 457 vehit
326 421 332 470 3
355 396 563 476 sequiturque,
579 398 667 455 nefas
682 401 688 456 l
725 396 878 475 Aegyptia
892 396 1036 458 coniunx.

104 492 177 550 Una
191 509 299 548 omnes
314 509 409 562 ruere,
427 508 463 547 ac
478 499 576 548 totum
591 508 733 564 spumare
748 489 883 549 reductis

103 584 283 642 convolsum
298 582 389 641 remis
404 581 573 657 rostrisque
588 581 773 640 tridentibus
789 600 912 658 aequor.
1051 583 1103 646 ⁶90

104 677 178 734 Alta
192 685 301 752 petunt
315 699 321 747 3
344 675 453 751 pelago
469 675 576 733 credas
592 674 698 732 innare
714 675 850 734 revolsas

106 768 267 847 Cycladas,
284 778 336 826 aut
351 767 463 825 montis
479 786 659 825 concurrere
675 767 830 826 montibus
847 767 946 843 altos:

105 871 191 920 tanta
206 860 286 919 mole
302 860 357 918 viri
373 858 488 918 turritis
503 859 658 936 puppibus
674 859 799 918 instant.
930 855 933 860 ’

107 955 243 1029 Stuppea
258 954 381 1011 flamma
395 972 489 1010 manu
503 952 634 1028 telisque
643 952 774 1011 'volatile
788 953 902 1011 ferrum

106 1047 276 1123 spargitur:
300 1065 371 1103 arva
386 1064 467 1104 nova
483 1045 640 1120 Neptunia
655 1045 750 1103 caede
766 1046 941 1106 rubescunt.
1051 1045 1104 1112 695

106 1138 227 1216 Regina
242 1139 273 1196 in
289 1138 397 1196 mediis
412 1137 512 1214 patrio
526 1147 618 1196 vocat
633 1137 755 1214 agmina
770 1137 870 1212 sistro,

107 1232 248 1291 Necdum
263 1232 355 1303 etiarn
369 1231 508 1308 geminos
525 1250 543 1288 a
557 1239 643 1307 tergo
658 1230 782 1306 respicit
798 1230 927 1308 anguis*

107 1324 373 1402 Omnigenumque
389 1324 480 1381 deum
495 1333 632 1381 monstra
647 1332 678 1381 et
693 1323 819 1381 latrator
834 1325 955 1383 Anubis

106 1428 213 1476 contra
229 1420 407 1493 Neptunum
422 1426 453 1475 et
467 1417 621 1474 Venerem
636 1426 805 1492 contraque
822 1416 994 1475 Minervam

106 1511 168 1570 tela
182 1519 297 1569 tenent.
344 1508 447 1567 Saevit
462 1508 564 1567 medio
580 1507 612 1565 in
627 1509 792 1567 certamine
809 1511 935 1568 Mavors
1052 1521 1105 1570 700

107 1603 244 1662 caelatus
258 1603 339 1661 ferro
354 1601 519 1677 tristesque
534 1620 572 1660 ex
587 1602 711 1660 aethere
728 1601 829 1674 Dirae,

108 1705 138 1755 et
153 1695 250 1755 scissa
265 1696 404 1772 gaudens
419 1693 504 1752 vadit
520 1693 683 1752 Discordia
698 1694 788 1770 palla,

108 1808 200 1865 quarn
215 1807 283 1846 cum
299 1787 467 1863 sanguineo
484 1786 621 1862 sequitur
637 1786 764 1845 Bellona
779 1787 909 1864 flagello,

108 1881 217 1939 Actius
231 1880 308 1939 haec
323 1899 452 1938 cernens
468 1898 571 1937 arcum
587 1878 768 1938 intendebat
783 1880 897 1956 Apollo

108 1974 259 2050 desuper:
282 1973 382 2032 omnis
397 1992 434 2031 eo
449 1981 563 2030 terrore
579 1975 738 2050 Aegyptus
754 1981 785 2030 et
801 1972 881 2046 Indi,
1054 1986 1105 2041 705

108 2066 208 2125 omnis
223 2067 333 2139 Arabs,
350 2084 457 2124 omnes
472 2066 634 2124 vertebant
648 2075 735 2141 terga
751 2064 871 2125 Sabaei.

109 2162 183 2236 Ipsa
196 2159 359 2218 videbatur
373 2158 473 2217 ventis
489 2157 595 2234 regina
609 2157 728 2218 vocatis

107 2252 177 2310 vela
192 2253 265 2310 dare
280 2261 311 2310 et
325 2251 412 2309 laxos
428 2250 487 2308 iarn
504 2250 626 2327 iamque
642 2250 805 2310 immittere
819 2249 911 2310 funis.

108 2345 198 2403 Illam
213 2344 291 2402 inter
306 2345 416 2402 caedes
432 2344 598 2419 pallentem
614 2352 711 2402 morte
725 2344 828 2402 futura

106 2438 223 2497 fecerat
239 2437 420 2514 Ignipotens
437 2436 527 2494 undis
543 2445 573 2495 et
590 2439 704 2515 Iapyge
719 2435 810 2509 ferri3
1055 2449 1107 2499 710

108 2540 214 2589 contra
229 2539 331 2588 autem
347 2549 459 2605 magno
475 2538 662 2587 maerentem
678 2548 804 2605 corpore
821 2529 924 2588 Nilum

107 2624 357 2700 pandentemque
373 2622 458 2681 sinus
474 2633 504 2680 et
520 2631 585 2680 tota
600 2632 685 2680 veste
700 2631 862 2680 vocantem

150 2781 208 2837 689.
237 2775 278 2824 Cf.
298 2775 330 2823 V.
346 2787 409 2835 141:
435 2775 550 2822 adductis
567 2781 689 2836 spumant
697 2775 770 2838 freta
789 2790 862 2822 versa
877 2776 1103 2844 lacertis-693,

106 2853 186 2903 tanta
199 2852 277 2902 mole.
304 2851 344 2899 Cf.
359 2852 379 2898 1.
394 2865 425 2915 33
437 2867 443 2898 ε
466 2851 561 2898 Tantae
573 2851 647 2898 molis
658 2857 715 2897 erat
725 2851 870 2899 Remmiam
883 2852 986 2899 condere
993 2858 1103 2914 gentem.

105 2933 210 2993 —693,
235 2927 343 2978 turritis
362 2927 510 2990 puppibus.
547 2926 588 2975 Cf.
610 2925 736 2975 Servius’s
755 2933 835 2975 note:
860 2928 977 2990 Agnppa
996 2929 1105 2990 primus

107 3006 151 3052 hoc
160 3021 242 3068 genus
254 3005 368 3051 turrium
383 3005 482 3050 inuenit
492 3010 522 3051 ut
532 3004 561 3051 de
578 3003 696 3050 tabulatis
715 3004 794 3076 subita
812 3004 971 3066 angerentur
982 3005 1065 3054 simul
1073 3021 1105 3054 ac

106 3089 208 3130 ventum
231 3088 291 3128 esset
310 3082 338 3129 in
351 3081 478 3143 proelium
501 3086 585 3128 turres
605 3080 714 3128 hostibus
732 3081 890 3142 improvisae,
910 3081 938 3128 in
959 3083 1106 3143 navigando

106 3165 186 3206 essent
202 3159 315 3206 occultae.
328 3187 363 3194 -
379 3172 436 3222 701,
461 3158 556 3208 tristes
649 3156 738 3208 Dirae.
775 3155 816 3205 Cf.
837 3157 900 3205 VII.
919 3155 968 3218 408
988 3157 1056 3221 (said
1074 3158 1106 3209 of

107 3235 232 3294 Alecto):
250 3235 336 3299 fuscis
356 3235 437 3281 tristis
455 3233 501 3280 dea
520 3232 622 3281 tolletur
640 3232 698 3280 alis.
709 3258 744 3268 —
759 3237 818 3295 708.
836 3231 880 3283 cf.
899 3231 948 3283 VI.
970 3244 1003 3284 {t
1026 3234 1106 3285 classi

106 3311 224 3359 immittit
233 3310 350 3359 habenas.
