2334 3630
406 196 580 243 AENEIDOS
605 198 671 242 LIB·
697 198 770 244 VIII.
1042 197 1082 261 25

89 338 156 395 ‘En
171 336 309 412 perfecta
323 336 383 396 mei
397 338 549 414 promissa
564 337 703 414 coniugis
718 348 783 397 arte

89 447 223 502 munera,
241 448 280 488 ne
295 449 367 488 mox
381 440 434 489 aut
450 430 621 504 Laurentis,
638 440 719 503 nate,
737 431 888 506 superbos

88 532 140 579 aut
156 541 257 580 acrem
272 522 394 582 dubites
410 522 441 581 in
456 523 573 599 proelia
588 542 716 600 poscere
731 524 888 582 Turnum!

90 613 175 673 Dixit
190 622 221 673 et
236 616 393 690 amplexus
409 615 473 674 nati
490 616 643 694 Cytherea
657 616 774 692 petivit,

88 726 172 765 arma
187 708 244 766 sub
260 707 389 766 adversa
403 708 507 784 posuit
521 708 673 766 radiantia
688 717 811 784 quercu.

89 800 153 872 Ille,
171 801 247 859 deae
263 800 352 859 donis
368 811 399 860 et
413 809 500 859 tanto
515 800 615 860 laetus
630 800 756 873 honore,

88 893 201 968 expleri
217 893 323 969 nequit
338 903 431 970 atque
446 893 553 952 oculos
568 913 623 969 per
637 893 757 970 singula
772 895 874 968 volvit,

88 985 273 1061 miraturque
288 986 428 1063 interque
443 1005 552 1044 manus
568 996 599 1045 et
613 986 758 1045 bracchia
772 997 875 1046 versat

86 1077 253 1137 terribilem
268 1079 368 1138 cristis
382 1078 718 1156 galeamdammasque
732 1088 907 1139 vomentem

86 1170 302 1248 fatiferumque
317 1190 432 1245 ensem,
449 1171 575 1231 loricam
590 1190 628 1230 ex
643 1189 712 1230 aere
727 1171 886 1250 rigentem,

87 1263 295 1341 sanguineam,
313 1264 478 1340 ingentem,
496 1264 595 1340 qualis
611 1283 680 1323 curn
695 1265 818 1324 caerula
833 1266 932 1324 nubes

86 1355 160 1415 solis
176 1356 342 1416 inardescit
356 1356 450 1416 radiis
466 1357 618 1434 longeque
633 1357 782 1435 refulget3

85 1458 150 1508 tum
166 1449 241 1508 levis
257 1469 363 1508 ocreas
378 1450 492 1509 electro
507 1469 643 1526 auroque
658 1460 781 1509 recocto

85 1542 268 1619 hastamque
283 1551 314 1602 et
329 1541 419 1619 clipei
434 1561 498 1601 non
513 1543 684 1602 enarrabile
699 1551 825 1603 textum.

128 1635 195 1695 Illic
209 1653 258 1694 res
274 1635 370 1695 Italas
386 1638 658 1712 Romanorumque
673 1635 854 1712 triumphos,

84 1728 168 1786 haud
182 1738 287 1787 vatum
302 1728 426 1805 ignarus
440 1728 623 1804 venturique
638 1727 755 1787 inscius
770 1729 847 1803 aevi,

83 1821 199 1879 fecerat
215 1820 396 1897 Ignipotens
410 1845 417 1894 ;
439 1821 501 1880 illic
515 1839 613 1898 genus
629 1840 720 1879 omne
733 1821 855 1880 futurae

84 1913 188 1989 stirpis
203 1914 242 1972 ab
258 1912 394 1972 Ascanio
409 1923 607 1990 pugnataque
622 1912 654 1970 in
669 1913 776 1972 ordine
791 1913 882 1974 bella.

85 2007 213 2066 Fecerat
228 2016 259 2065 et
273 2005 362 2065 viridi
376 2007 472 2065 fetam
488 2005 638 2064 Mavortis
654 2005 685 2063 in
701 2016 789 2065 antro

83 2100 283 2175 procubuisse
299 2099 420 2176 lupam3
442 2098 582 2177 geminos
597 2098 670 2157 huic
685 2100 780 2157 ubera
795 2099 910 2158 circum

83 2191 188 2251 ludere
204 2192 367 2268 pendentis
382 2210 495 2268 pueros
510 2201 542 2250 et
556 2191 691 2251 lambere
706 2202 834 2250 matrem

83 2284 273 2361 impavid0s3
297 2284 380 2343 illam
395 2284 484 2344 tereti
499 2284 618 2343 cervice
633 2284 778 2343 reflexam

83 2378 217 2436 mulcere
232 2379 367 2436 alternos
383 2386 414 2437 et
428 2396 557 2454 corpora
572 2379 686 2453 fingere
702 2376 814 2455 lingua.

84 2451 151 2529 Ne⁰c
166 2470 271 2546 procul
286 2471 359 2528 hinc
372 2472 503 2529 Romam
518 2479 549 2529 et
564 2479 668 2545 raptas
684 2470 751 2529 sine
767 2489 850 2529 more
864 2471 994 2530 Sabinas
1030 2471 1078 2536 635

83 2582 232 2622 consessu
248 2582 360 2622 caveae
375 2563 494 2639 magnis
512 2562 710 2623 Circensibus
726 2564 802 2623 actis

83 2655 252 2728 addiderat,
270 2655 434 2733 subitoque
450 2675 563 2714 novum
580 2675 764 2732 consurgere
779 2657 894 2715 bellurn

125 2803 184 2864 612,
203 2798 349 2862 promissa.
386 2797 427 2846 Cf.
440 2814 481 2846 vv.
496 2797 583 2862 534-6.
595 2826 630 2833 -
641 2802 700 2862 613,
720 2800 858 2862 superbos.
890 2798 1080 2848 616118.-

83 2878 142 2940 ⁶14,
169 2888 266 2926 acrem.
303 2874 343 2922 Cf.
363 2890 404 2922 vv.
426 2888 474 2938 34²
495 2873 547 2922 and
567 2888 670 2934 441.-
686 2880 744 2939 618,
772 2875 875 2938 expleri
895 2875 1000 2938 nequit.
1037 2875 1079 2923 Cf.

82 2967 106 2998 v.
121 2950 175 3016 265.
187 2955 291 3012 -619.
311 2949 352 2998 Cf.
366 2950 398 2998 V.
411 2948 511 3011 407—8:
529 2956 553 2998 ct
563 2951 666 3012 pondus
683 2956 707 2998 et
724 2952 779 3012 ipsa
798 2951 848 2998 huc
859 2952 922 2998 illuc
934 2953 1077 2999 vinclorum

82 3028 207 3075 immensa
224 3028 358 3075 volumina
376 3033 466 3074 versat.
481 3055 516 3063 —-
534 3032 593 3093 624,
619 3027 726 3077 electro.
763 3026 804 3074 Cf.
826 3042 850 3074 v.
871 3040 973 3086 402.-
986 3032 1078 3093 628—9,

82 3116 168 3168 genus
187 3140 194 3155 .
210 3140 216 3154 .
232 3103 358 3166 ‚stirpis
398 3102 440 3151 Cf.
453 3103 500 3151 IV.
513 3102 580 3152 622:
598 3104 701 3164 stirpem
722 3110 747 3151 et
761 3119 842 3166 genus
862 3119 934 3150 omne
943 3104 1078 3167 futurum.

81 3207 116 3217 -
135 3185 194 3246 636,
222 3190 349 3231 consessu
371 3191 478 3230 caveae.
515 3178 556 3227 Cf.
580 3179 612 3227 V.
634 3192 700 3243 340:
729 3185 807 3227 totum
831 3194 918 3226 caveae
939 3194 1077 3227 consessum

81 3256 198 3320 ingentii.
