2334 3630
117 179 138 240 6
434 198 462 241 P.
490 165 807 241 vunorrr'uanours

121 335 311 412 Excepitque
327 355 420 393 manu
436 336 635 411 dextramque
650 334 808 411 amplexus
824 333 963 393 inhaesit.

118 428 276 504 Progressi
292 429 425 487 subeunt
439 429 509 486 luco
525 427 711 503 fluviumque
728 426 913 503 relinquunt.
1069 441 1119 493 125

158 523 186 578 T
189 541 239 578 um
254 540 358 597 regem
374 522 498 588 Aeneas
514 519 605 578 dictis
622 520 745 578 adfatur
760 519 886 578 amicis:

118 614 258 689 ‘Optime
274 613 490 689 Graiugenum,
508 612 557 670 cui
573 631 621 670 me
639 615 775 671 Fortuna
790 613 908 688 precari

117 716 148 765 et
162 706 238 764 vitta
254 716 394 781 comptos
409 705 505 763 voluit
519 706 721 781 praetendere
737 725 845 778 ramos

116 819 179 857 non
195 799 338 875 equidem
354 798 488 871 extimui,
506 800 650 856 Danaum
666 799 748 874 quod
764 799 872 856 ductor
886 807 917 857 et
932 801 1028 857 Arcas

117 892 261 968 quodque
278 892 317 950 ab
333 891 427 967 stirpe
442 891 524 949 iores
539 891 669 968 geminis
685 890 868 949 coniunctus
883 890 1020 963 Atridis;
1068 906 1119 957 130

117 985 173 1043 sed
188 1003 257 1042 mea
271 1003 319 1042 me
335 984 430 1044 virtus
446 993 477 1043 et
492 994 600 1043 sancta
614 983 738 1043 oracula
753 983 856 1042 divom

118 1077 304 1154 cognatique
319 1088 431 1153 patres,
448 1085 501 1135 tua
516 1077 605 1135 terris
621 1077 719 1135 didita
732 1076 823 1149 fama,

117 1169 302 1228 coniunxere
318 1169 374 1228 tibi
390 1180 420 1227 et
435 1170 508 1229 fatis
524 1189 613 1246 egere
629 1168 792 1228 volentem.

117 1263 291 1335 Dardanus,
310 1263 423 1320 Iliacae
437 1262 553 1338 primus
568 1273 656 1338 pater
671 1262 754 1321 urbis
770 1272 801 1320 et
816 1273 929 1335 auctor,

118 1355 247 1427 Electra,
265 1364 298 1414 ut
313 1355 387 1413 Grai
401 1355 573 1430 perhibent,
591 1355 752 1413 Atlantide
767 1365 877 1427 cretus,
1067 1370 1117 1423 135

117 1447 279 1506 advehitur
294 1449 430 1505 Teucros
443 1470 450 1518 3
475 1447 628 1505 Electram
644 1446 792 1506 maximus
808 1447 895 1507 Atlas

117 1540 222 1613 edidit,
239 1539 392 1598 aetherios
408 1558 513 1598 umero
529 1538 581 1616 qui
597 1539 729 1598 sustinet
744 1540 835 1599 orbis.

116 1632 215 1692 Vobis
232 1632 402 1691 Mercurius
418 1641 505 1708 pater
520 1642 575 1705 est,
593 1651 684 1708 quem
699 1632 832 1691 candida
848 1633 933 1691 Maia

117 1726 263 1804 Cyllenae
277 1725 380 1803 gelido
395 1734 578 1802 conceptum
592 1725 705 1783 vertice
720 1725 800 1784 fudit
813 1750 820 1798 ;

116 1828 148 1878 at
164 1819 288 1892 Maiam,
305 1819 418 1877 auditis
434 1818 460 1877 si
476 1818 639 1894 quicquam
656 1818 816 1891 credimus,
833 1820 930 1891 Atlas,
1066 1835 1118 1883 140

115 1911 197 1969 idem
213 1911 302 1970 Atlas
316 1920 451 1989 generat,
469 1910 545 1969 caeli
561 1910 614 1987 qui
629 1911 731 1969 sidera
745 1911 832 1970 tollit.

117 2004 168 2063 Sic
181 2023 279 2082 genus
294 2006 453 2064 amborum
468 2004 581 2063 scindit
596 2023 630 2062 se
645 2004 794 2081 sanguine
809 2005 848 2063 ab
864 2024 934 2064 uno.

117 2097 177 2156 His
191 2098 288 2156 iretus
303 2117 366 2156 non
383 2098 500 2174 legatos
516 2115 616 2173 neque
632 2097 730 2173 prima
744 2116 799 2173 per
813 2106 909 2155 artem

115 2198 338 2266 temptamenta
352 2189 397 2248 tui
412 2189 533 2267 pepigi3
557 2208 614 2262 me,
631 2208 680 2248 me
696 2189 762 2266 ipse
777 2208 939 2266 meumque

115 2282 215 2341 obieci
231 2292 323 2358 caput
337 2291 369 2341 et
383 2283 512 2359 supplex
527 2282 567 2340 ad
583 2280 688 2339 limina
703 2281 782 2341 veni.
1066 2300 1116 2354 145

117 2377 203 2434 Gens
218 2375 326 2433 eadem
342 2393 421 2450 quae
437 2383 467 2432 te
483 2373 599 2433 crudeli
615 2374 738 2433 Daunia
752 2374 834 2433 bello
920 2404 923 2410 ·

115 2467 305 2544 insequitur;
329 2485 386 2525 nos
402 2466 428 2525 si
443 2467 568 2543 pellant,
585 2466 660 2524 nihil
676 2467 761 2525 afore
776 2468 905 2527 credunt

116 2561 189 2637 quin
206 2578 327 2619 omnem
344 2559 528 2635 Hesperiam
544 2560 667 2636 penitus
682 2579 739 2618 sua
753 2561 810 2619 sub
826 2560 896 2638 iuga
911 2561 1034 2621 mittant

114 2663 145 2712 et
160 2672 244 2711 mare
259 2653 343 2728 quod
358 2671 451 2728 supra
465 2660 591 2710 teneant
607 2653 752 2729 quodque
768 2653 864 2736 adluit
879 2653 966 2713 inira,

115 2745 231 2822 Accipe
246 2746 348 2822 daque
363 2745 463 2803 fidem.
511 2746 588 2804 Sunt
603 2745 693 2804 nobis
707 2745 799 2804 fortia
813 2747 895 2806 bello
1065 2764 1094 2815 15

157 2965 214 3015 127,
235 2949 278 3000 cul
297 2948 409 3014 precari.
446 2949 487 2998 Cf.
501 2950 563 2998 Vll.
579 2949 675 3014 136-8:
704 2952 861 3014 Geniumque
878 2951 926 2998 loee'
943 2952 1078 3016 primamq

113 3028 216 3075 deorum
234 3027 359 3074 Tellurem
373 3027 575 3089 Nymphasque.
589 3062 594 3073 .
608 3061 614 3072 .
621 3033 751 3088 precatur.
761 3054 795 3062 —
806 3032 862 3076 128.
883 3027 923 3075 Cf.
937 3044 959 3074 v.
977 3027 1039 3087 1165
1053 3031 1075 3076 al

114 3104 162 3151 Xl.
177 3116 242 3167 332:
260 3104 334 3165 pacis
353 3119 433 3151 manu
445 3103 611 3164 praetendere
628 3119 719 3151 ramos.
731 3130 766 3138 -
779 3119 835 3164 131.
856 3103 896 3150 Cf.
918 3103 961 3151 the
980 3104 1072 3167 langue

113 3179 143 3228 of
154 3179 198 3228 the
211 3178 289 3244 Sibyl,
302 3179 349 3227 Vl.
362 3178 426 3242 96-7
440 3195 445 3226 :
470 3179 516 3227 Via
529 3180 619 3242 prima
631 3180 730 3236 salutet,
743 3181 813 3243 quod
821 3181 927 3228 mt'm'me
939 3182 1010 3238 reris,
1027 3182 1066 3230 Gr

112 3257 248 3319 pandetur
257 3256 289 3305 ab
300 3255 367 3304 urbe.
379 3283 414 3292 -
426 3270 483 3317 134.
503 3253 544 3305 cf.
558 3253 605 3303 VI.
618 3254 684 3320 650:
707 3254 798 3303 Troiae
809 3255 953 3304 Dardanus
966 3263 1060 3308 auctor.
