2334 3630
405 217 578 263 AENEIDOS
602 219 669 262 LIB·
695 217 767 264 VIII.
1042 219 1080 265 21

88 354 256 432 ingredere,
274 375 292 415 ο
308 357 460 415 Teucrum
476 366 569 433 atque
585 357 698 415 Italum
713 356 880 416 fortissime
896 357 1013 418 ductor.

90 450 185 507 Hunc
200 449 255 507 tibi
272 458 439 525 praeterea,
456 469 528 525 spes
544 459 574 508 et
590 449 705 508 solacia
720 450 825 521 nostri,

90 540 230 599 Pallanta
245 541 410 618 adiungam
423 565 430 614 3
454 543 511 601 sub
527 553 558 601 te
573 543 704 601 tolerare
719 543 866 620 magistro
1036 557 1083 610 515

88 634 227 692 militiam
243 644 273 693 et
287 652 380 711 grave
397 634 507 693 Martis
523 654 610 710 opuS,
626 644 680 693 tua
695 654 818 694 cernere
832 636 918 695 iacta

88 728 261 801 adsuescat,
278 727 383 804 primis
399 735 430 786 et
445 736 475 786 te
491 726 615 785 miretur
631 729 670 786 ab
685 727 784 787 annis.

89 820 228 878 Arcadas
243 820 314 878 huic
330 819 450 896 equites
465 819 513 878 bis
529 829 662 893 centum,
678 822 789 879 robora
804 821 895 898 pubis

88 912 167 971 lecta
182 913 272 985 dab0,
289 912 479 988 totidemque
495 931 551 971 suo
566 912 622 972 tibi
638 913 761 972 nomine
778 914 900 973 Pallas!

128 1005 188 1062 Vix
204 1024 241 1064 ea
255 1006 338 1063 fatus
354 1015 438 1064 erat:
461 1005 614 1081 defixique
630 1024 683 1063 ora
697 1007 845 1064 tenebant
1035 1020 1082 1073 520

88 1101 212 1157 Aeneas
228 1097 434 1156 Anchisiades
450 1107 481 1156 et
496 1098 575 1156 fidus
592 1099 728 1157 Achates

87 1192 243 1266 multaque
259 1191 335 1249 dura
351 1210 407 1249 suo
422 1190 501 1249 tristi
517 1210 586 1248 cum
601 1191 693 1249 corde
709 1193 868 1267 putabant,

87 1282 119 1341 ni
134 1283 255 1361 signum
270 1283 356 1342 caelo
373 1284 527 1362 Cytherea
542 1283 679 1342 dedisset
694 1293 809 1360 aperto

54 1430 56 1435 .
88 1379 229 1452 Namque
244 1376 410 1452 improviso
425 1376 563 1434 vibratus
579 1377 618 1436 ab
634 1378 758 1436 aethere
773 1377 874 1455 fulgor

86 1489 156 1528 cum
171 1468 274 1527 sonitu
290 1469 382 1540 venit,
399 1478 430 1527 et
444 1488 531 1527 ruere
547 1469 650 1527 omnia
664 1468 731 1528 visa
745 1482 871 1546 repente
1033 1485 1080 1538 525

86 1563 325 1641 Tyrrhenusque
340 1563 434 1620 tubae
448 1561 565 1638 mugire
579 1581 635 1638 per
649 1563 773 1621 aethera
789 1563 923 1640 clangor.

87 1654 283 1731 Suspiciunt3
307 1654 416 1712 iterum
432 1664 524 1730 atque
540 1654 649 1713 iterum
664 1655 767 1731 fragor
781 1655 920 1732 increpat
935 1656 1054 1734 ingens.

85 1751 181 1806 Arma
195 1747 275 1805 inter
288 1748 403 1806 nubem
418 1747 495 1806 caeli
510 1746 542 1805 in
557 1747 682 1824 regione
697 1767 807 1806 serena

86 1860 141 1916 per
156 1841 267 1899 sudum
282 1839 406 1898 rutilare
421 1840 528 1898 vident
543 1850 574 1899 et
589 1840 678 1916 pulsa
692 1851 810 1901 tonare.

86 1933 272 2009 Obstipuere
288 1932 398 1991 animis
414 1932 466 1990 alii
479 1955 485 2004 ;
510 1933 566 1991 sed
581 1933 692 1991 Troius
707 1934 799 1992 heros
1033 1947 1080 2000 530

85 2025 210 2103 agnovit
226 2024 360 2084 sonitum
377 2034 408 2083 et
423 2025 512 2084 divae
527 2025 678 2101 promissa
692 2026 837 2102 parentis.

84 2120 165 2176 Tum
180 2126 350 2177 memorat:
375 2120 440 2176 ‘Ne
455 2136 537 2191 vero,
553 2119 677 2194 hospes,
695 2138 734 2177 ne
750 2138 863 2194 quaere
877 2120 1017 2195 profecto

85 2231 176 2287 quem
192 2230 297 2269 casum
312 2220 455 2286 portenta
470 2212 589 2270 ferant:
613 2230 670 2288 ego
685 2230 797 2287 poscor
813 2212 954 2290 Olymp0.

85 2305 157 2362 Hoc
173 2304 293 2381 signum
309 2303 422 2362 cecinit
436 2305 598 2362 missuram
613 2305 684 2362 diva
699 2305 836 2377 creatrix,

84 2397 110 2455 si
125 2397 240 2456 bellum
256 2396 418 2472 ingrueret,
435 2396 648 2473 Volcaniaque
664 2416 748 2454 arma
762 2417 816 2473 per
831 2416 920 2457 auras
1032 2410 1079 2463 535

83 2489 213 2548 laturam
229 2489 351 2548 auxilio.

84 2585 158 2641 Heu
173 2591 306 2658 quantae
322 2581 441 2640 miseris
457 2582 568 2640 caedes
584 2583 790 2642 Laurentibus
806 2584 931 2657 instant,

83 2694 160 2750 quas
176 2694 294 2751 poenas
310 2674 391 2746 mihi,
409 2676 524 2747 Turne,
541 2675 639 2746 dabis,
656 2694 749 2751 quam
764 2677 859 2735 multa
875 2679 931 2736 sub
948 2677 1047 2735 undas

82 2778 170 2826 scuta
186 2768 282 2826 virum
298 2767 465 2844 galeasque
481 2777 512 2826 et
526 2767 618 2826 tortia
633 2787 761 2844 corpora
775 2769 890 2841 volveS,

125 2908 183 2956 520.
215 2894 256 2941 Cf.
278 2895 313 2942 II.
336 2908 366 2941 1:
399 2896 543 2943 Conticuere
571 2911 656 2942 omnes
678 2896 817 2958 intentique
840 2912 883 2943 ora
907 2896 1026 2943 tenebant.
1045 2924 1080 2932 —-

81 2984 174 3035 522—3,
194 2971 329 3034 putabant
342 2970 372 3020 ni
385 3007 392 3020 .
407 3007 414 3020 .
430 3007 437 3020 .
451 2971 579 3022 dedisset.
616 2970 657 3020 Cf.
671 2971 717 3019 VI.
731 2970 797 3035 358:
816 2973 867 3019 iam
887 2978 940 3019 tuta
959 2973 1078 3028 tenebam,

81 3048 112 3094 ni
125 3063 188 3110 gens
208 3047 318 3094 crudelis
330 3082 336 3093 .
350 3082 355 3093 .
370 3083 375 3094 ,
380 3048 458 3111 ferro
476 3049 615 3095 invassiset.
652 3048 703 3095 For
722 3062 738 3094 a
755 3047 808 3095 like
828 3063 873 3096 use
886 3047 915 3095 of
927 3053 991 3108 puto
1007 3047 1033 3095 in
1045 3048 1079 3095 its

80 3124 172 3172 earlier
184 3139 259 3173 sense
272 3123 301 3171 of
314 3123 424 3171 ‘reclron
438 3139 472 3186 up
482 3122 495 3180 ⁹,
515 3129 561 3185 ‘go
574 3139 638 3172 over
649 3123 675 3171 in
688 3122 767 3172 detail
776 3123 790 3180 ’,
807 3123 839 3171 cf.
853 3125 900 3171 VI.
914 3137 978 3186 332:
997 3125 1078 3171 multa

82 3207 186 3262 pantana
223 3205 281 3264 526,
301 3199 414 3264 mugire,
425 3201 493 3262 bray.
530 3201 582 3247 For
594 3201 694 3262 mugire
706 3198 771 3247 used
783 3198 812 3246 of
823 3214 839 3248 a
851 3199 972 3248 different
984 3199 1077 3256 sound,

80 3275 229 3341 ct.vv.215
247 3275 299 3324 and
312 3275 368 3340 361.
379 3304 414 3312 -
425 3281 517 3338 537-8.
537 3275 578 3324 Cf.
599 3274 643 3324 the
662 3274 812 3339 despairing
829 3291 872 3340 crq
886 3274 918 3324 ot
927 3274 1046 3322 tatinus
1056 3289 1092 3318 as
