2334 3630
399 216 573 266 AENEIDOS
598 220 665 266 LIB.
690 219 763 268 VIII.

84 368 115 418 et
129 377 232 436 regem
248 359 306 417 hac
322 358 446 418 Erulum
462 359 570 418 dextra
585 360 643 419 sub
659 360 788 419 Tartara
803 360 881 434 misi,

83 451 225 510 nascenti
241 451 289 509 cui
304 451 360 510 tris
375 451 495 510 animas
511 452 642 510 Feronia
657 462 755 511 mater
765 488 808 497 —
976 510 979 515 .

83 545 269 604 horrendum
284 543 369 603 dictu
379 579 422 588 —
433 545 569 616 dederat,
586 554 673 604 terna
688 565 773 604 arma
787 547 941 606 movenda
954 570 961 620 ;

83 647 130 697 ter
144 638 206 697 leto
222 637 407 696 sternendus
422 647 487 696 erat
500 661 506 709 ;
531 636 580 695 cui
595 646 660 695 tum
675 647 779 696 tamen
794 639 894 697 omnis

84 730 211 790 abstulit
225 729 303 789 haec
318 729 437 788 animas
453 730 560 789 dextra
576 739 607 789 et
621 731 751 789 totidem
765 731 849 790 exuit
863 732 955 791 armis
969 755 975 792 :

84 843 147 882 non
163 841 220 900 ego
235 841 318 882 nunc
333 822 416 881 dulci
432 823 574 898 amplexu
589 822 751 882 divellerer
765 843 905 900 usquam,

84 925 164 989 nate,
180 924 234 973 tuo
248 939 254 987 ;
277 933 378 991 neque
393 915 523 974 finitimo
540 915 715 975 Mezentius
730 936 875 992 umquam

84 1008 155 1067 huic
171 1008 263 1085 capiti
278 1008 431 1067 insultans
446 1016 492 1067 tot
506 1009 588 1067 ferro
604 1027 697 1067 saeva
712 1009 851 1068 dedisset

83 1103 200 1174 lunera,
218 1110 280 1159 tam
295 1101 399 1160 multis
414 1101 573 1159 viduasset
588 1100 707 1159 civibus
723 1102 838 1161 urbem.

84 1197 126 1254 At
140 1213 204 1267 vos,
221 1213 240 1253 o
256 1193 366 1270 superi,
384 1204 416 1253 et
430 1194 533 1252 divom
548 1203 582 1252 tu
597 1193 727 1252 maxime
743 1204 843 1253 rector

84 1287 230 1363 Iuppiter,
246 1285 380 1358 Arcadii,
398 1305 523 1362 quaeso,
539 1285 728 1345 miserescite
743 1287 824 1364 regis

82 1390 114 1439 et
128 1379 244 1456 patrias
260 1379 363 1437 audite
378 1397 495 1455 preces.
542 1378 573 1437 Si
589 1378 715 1437 numina
729 1389 832 1438 vestra

82 1472 268 1532 incolumem
284 1471 424 1530 Pallanta
440 1470 523 1543 mihi,
540 1471 566 1529 si
580 1472 645 1529 lata
660 1479 826 1546 reservant,

82 1566 108 1625 si
123 1566 244 1625 visurus
260 1583 330 1623 eum
345 1564 415 1622 vivo
430 1573 461 1622 et
475 1572 622 1623 venturus
638 1564 670 1622 in
685 1583 789 1639 unum,

81 1659 177 1719 vitam
192 1677 246 1716 oro
259 1680 266 1730 3
288 1657 388 1734 patior
403 1656 542 1732 quemvis
557 1657 666 1716 durare
683 1657 827 1717 laborem.

83 1752 137 1811 Sin
153 1750 287 1826 aliquem
301 1749 462 1807 infandum
478 1768 592 1823 casum,
610 1752 753 1822 Fortuna,
770 1750 904 1825 minaris,

82 1863 172 1917 nunc,
189 1860 272 1902 nunc
286 1861 305 1900 o
320 1841 412 1901 liceat
426 1842 581 1900 crudelem
597 1843 778 1918 abrumpere
792 1842 896 1917 vitam,

82 1938 156 1997 dum
170 1955 262 1995 curae
277 1934 448 2012 ambiguae,
465 1935 538 1993 dum
554 1953 626 2010 spes
641 1934 758 1993 incerta
772 1934 875 2009 futuri,

82 2030 155 2089 dum
170 2039 210 2101 te,
227 2046 296 2087 care
311 2046 395 2104 puer,
412 2045 480 2086 mea
496 2027 562 2086 sola
577 2036 608 2086 et
624 2046 692 2086 sera
706 2027 858 2104 voluptaS,

81 2122 243 2199 complexu
258 2130 369 2193 teneo;
392 2119 514 2197 gravior
528 2139 589 2178 neu
605 2119 731 2178 nuntius
747 2120 829 2179 auris

81 2215 239 2276 volneret.²
285 2214 375 2272 Haec
389 2211 510 2290 genitor
525 2212 666 2290 digressu
681 2213 764 2271 dicta
779 2227 921 2290 supremo

80 2308 250 2380 fundebat3
273 2305 380 2364 famuli
395 2305 575 2381 conlapsum
591 2305 622 2363 in
637 2314 720 2370 tecta
733 2306 883 2366 ferebant.

124 2404 252 2476 Iamque
268 2399 347 2457 adeo
362 2398 477 2457 exierat
492 2398 589 2474 portis
604 2398 759 2474 equitatus
775 2399 898 2475 apertis,

82 2497 205 2553 Aeneas
221 2493 301 2551 inter
314 2492 429 2568 primos
445 2500 476 2549 et
490 2492 570 2549 fidus
586 2492 731 2564 Achates,

82 2587 154 2645 inde
170 2586 221 2644 alii
236 2585 348 2643 Troiae
363 2603 514 2660 proceres,
532 2583 598 2659 ipse
614 2584 735 2660 agmine
752 2585 853 2644 Pallas

81 2679 113 2737 in
129 2679 239 2750 medio,
257 2677 418 2755 chlamyde
433 2685 464 2735 et
479 2676 569 2752 pictis
585 2687 769 2752 conspectus
786 2677 817 2735 in
832 2679 943 2738 armis:

123 2816 183 2877 564,
207 2809 330 2861 Feronia.
374 2807 415 2857 Cf.
435 2808 497 2857 VII.
517 2808 583 2857 800:
609 2810 692 2857 viridi
706 2811 821 2872 gaudens
840 2812 949 2860 Feronia
969 2813 1077 2861 luco.-

80 2893 140 2954 56⁶,
159 2887 223 2938 leto.
260 2887 312 2934 For
331 2885 376 2934 the
391 2885 576 2942 construction,
589 2885 621 2934 cf.
635 2887 713 2934 morti
728 2886 755 2933 in
768 2887 832 2934 XII.
845 2887 911 2947 464:
929 2889 986 2950 Ipse
999 2905 1077 2952 neque

79 2979 179 3014 aversos
190 2963 314 3026 degenetur
321 2969 430 3010 sternere
439 2963 557 3009 morti.—
563 2967 654 3027 566-7,
673 2962 716 3012 cui
729 2963 817 3013 omnis
829 2965 946 3015 abstulit
957 2965 1075 3016 animas.
1098 3026 1102 3034 ι

81 3040 122 3090 Cf.
138 3041 186 3089 IX.
206 3054 272 3103 443:
297 3041 408 3087 moriens
425 3040 541 3086 antelam
562 3039 666 3086 abstulit
683 3039 754 3086 hosti.
767 3046 871 3105 -576,
896 3042 1027 3092 venturus
1046 3042 1076 3092 in

78 3131 174 3169 unum.
210 3116 251 3166 Cf.
266 3117 301 3164 II.
312 3115 378 3177 716:
396 3116 472 3162 Hanc
480 3131 512 3163 ex
524 3115 624 3163 diverso
634 3116 714 3163 sedem
727 3117 856 3163 veniemus
867 3117 896 3164 in
908 3133 986 3165 unam
997 3133 1007 3174 ;
1020 3119 1075 3167 also

81 3195 143 3244 Sall.
157 3195 215 3258 Jug.
229 3193 279 3242 XI.
293 3206 324 3240 2:
342 3193 427 3254 reguli
445 3193 473 3239 in
493 3208 574 3239 unum
594 3198 770 3239 convenerunt.
782 3219 816 3228 —
828 3198 887 3258 588,
905 3195 1074 3257 conspectus.

81 3271 123 3322 cf.
143 3271 174 3321 G.
195 3271 247 3319 III.
269 3283 316 3331 17:
346 3269 422 3331 Iltrio
441 3275 580 3329 conspectus
603 3269 631 3315 in
652 3272 723 3314 ostro.
741 3294 776 3303 -
792 3273 855 3333 588ἱ
874 3268 969 3332 uiuam
986 3269 1094 3315 mm.

80 3347 123 3398 Cf.
136 3347 201 3399 XII.
215 3345 260 3397 281
274 3363 280 3394 ε
292 3346 369 3409 pictis
380 3345 493 3394 Arcades
504 3345 595 3394 armis.
