2334 3630
86 250 125 312 14
393 250 421 294 P.
449 249 591 293 VERGILI
616 249 768 294 MARONIS

80 408 145 458 tum
159 417 247 477 reges
263 418 414 476 asperque
429 398 554 456 immani
570 418 696 475 corpore
713 398 853 479 Thybris,
1030 413 1080 464 330

81 511 99 549 a
115 511 176 568 quo
190 500 262 568 post
277 492 348 550 Itali
364 491 490 549 fluvium
506 491 688 568 cognomine
705 492 853 571 Thybrim

80 584 230 658 diximus3
255 584 356 643 amisit
371 603 476 642 verum
491 595 584 642 vetus·
596 584 709 643 Albula
726 604 846 643 nomen.

82 680 135 736 Me
150 677 272 754 pulsum
286 678 386 754 patria
401 677 563 755 pelagique
580 688 715 736 extrema
732 689 911 754 sequentem

82 773 216 829 Fortuna
231 771 426 847 omnipotens
442 782 472 829 et
488 770 683 830 ineluctabile
699 772 797 830 iatum

80 863 128 921 his
143 883 273 939 posuere
289 864 373 937 lociS,
391 864 557 940 matrisque
574 883 663 941 egere
681 865 840 923 tremenda
1029 878 1077 931 335

81 957 254 1017 Carmentis
271 958 432 1036 Nymphae
448 958 564 1016 monita
580 967 610 1016 et
626 958 702 1016 deus
719 968 825 1016 auctor
840 958 972 1034 Apollo’

80 1049 141 1107 Vix
156 1069 193 1108 ea
208 1050 309 1110 dicta:
333 1051 445 1109 dehinc
460 1070 641 1128 progressus
658 1060 808 1110 monstrat
822 1060 854 1110 et
868 1069 953 1109 aram

80 1150 111 1200 et
127 1143 353 1203 Carmentalem
369 1144 502 1203 Romani
517 1144 641 1203 nomine
657 1153 776 1221 portam

81 1255 173 1312 quarn
189 1245 366 1310 memorant,
381 1238 542 1315 Nymphae
558 1237 693 1313 priscum
710 1236 882 1297 Carmentis
898 1237 1054 1310 honorem,

81 1329 160 1387 vatis
174 1329 329 1403 fatidicae,
348 1329 459 1388 cecinit
474 1348 553 1405 quae
568 1330 666 1406 prima
680 1331 800 1389 futuros
1029 1345 1078 1394 340

81 1423 246 1481 Aeneadas
262 1442 390 1499 magnos
405 1432 436 1481 et
451 1422 554 1481 nobile
571 1422 771 1483 Pallanteum.

82 1514 167 1572 Hinc
182 1514 283 1573 lucum
299 1515 462 1592 ingentem,
480 1533 571 1590 quem
587 1514 738 1573 Romulus
754 1534 823 1574 acer
838 1516 967 1595 Asylum

80 1607 205 1679 rettulit,
223 1617 254 1666 et
268 1607 370 1685 gelida
385 1617 535 1666 monstrat
550 1608 608 1666 sub
624 1627 698 1684 rupe
714 1608 875 1684 Lupercal,

82 1700 244 1758 Parrhasio
260 1700 376 1758 dictum
392 1703 494 1758 Panos
510 1701 548 1759 de
564 1719 648 1760 more
664 1700 785 1780 Lycaei.

82 1794 112 1850 N
114 1811 149 1850 ec
165 1812 227 1851 non
242 1802 273 1851 et
288 1792 366 1851 sacri
381 1804 531 1852 monstrat
547 1813 655 1853 nemus
671 1793 801 1871 Argileti
883 1789 887 1797 ’
1031 1808 1080 1860 345

81 1894 272 1961 testaturque
289 1885 398 1960 locum,
415 1896 446 1946 et
461 1887 557 1946 letum
572 1888 664 1946 docet
679 1888 810 1964 hospitis
826 1887 910 1965 Argi.

83 1977 168 2036 Hinc
183 1979 223 2036 ad
239 1979 401 2056 Tarpeiam
417 1981 523 2039 sedem
538 1990 569 2039 et
584 1980 739 2057 Capitolia
754 1981 847 2054 ducit,

81 2089 174 2130 aurea
189 2091 279 2144 nune,
297 2071 369 2131 olim
384 2073 576 2132 silvestribus
591 2061 840 2133 horrida'dumis

83 2165 149 2222 Iam
165 2173 228 2222 tum
245 2165 351 2242 religio
365 2166 496 2242 pavidos
511 2167 646 2226 terrebat
661 2167 790 2244 agrestis

81 2256 147 2314 dira
163 2256 230 2330 loci,
248 2257 308 2315 iarn
323 2268 388 2316 tum
403 2259 511 2316 silvam
526 2278 695 2334 saxumque
710 2260 890 2318 tremebant.
1030 2272 1079 2324 350

83 2351 171 2408 ‘Hoc
186 2369 303 2423 nemus,
320 2351 421 2424 hunc,'
439 2351 546 2427 inquit,
566 2352 727 2410 ‘frondoso
743 2351 857 2410 vertice
874 2352 992 2424 collem,

82 2443 150 2518 quis
167 2443 243 2501 deus
258 2443 407 2502 incertum
423 2453 478 2517 est,
496 2444 616 2503 habitat
630 2445 726 2503 deus:
750 2445 888 2503 Arcades
905 2444 1005 2520 ipsum

82 2536 211 2593 credunt
227 2555 260 2594 se
275 2535 390 2595 vidisse
407 2539 520 2609 Iovem,
538 2556 608 2595 cum
623 2556 716 2614 saepe
732 2537 904 2614 nigrantem

82 2628 191 2705 aegida
206 2639 382 2689 concuteret
397 2631 504 2688 dextra
519 2630 702 2706 nimbosque
717 2630 820 2688 cieret,

83 2721 173 2779 Haec
188 2722 250 2780 duo
266 2732 425 2798 praeterea
440 2723 578 2782 disiectis
594 2723 709 2800 oppida
724 2722 827 2794 muriS,
1030 2736 1078 2787 355

81 2813 226 2890 reliquias
241 2825 439 2892 veterumque
455 2816 541 2875 vides
557 2825 757 2874 monumenta
772 2815 913 2874 virorum.

123 2936 182 2992 336.
202 2930 242 2979 Cf.
253 2931 308 2979 Liv.
319 2932 340 2980 Ι.
353 2946 376 2994 7,
386 2932 400 2981 8
414 2949 420 2980 :
439 2931 572 2996 [Euander
583 2931 644 2992 fuit]
655 2933 825 2980 venerabilior
837 2933 972 2980 divinitate
983 2933 1079 2981 credita

85 3008 235 3056 Carmentae
253 3010 352 3065 matria
365 3024 441 3071 quam
454 3010 612 3072 fatiloquam
633 3016 692 3057 ante
702 3010 813 3072 Sibyllae
824 3010 852 3056 in
865 3009 971 3057 Italiam
988 3009 1079 3056 adven·

81 3091 135 3132 tum
155 3086 264 3132 miratae
275 3101 316 3132 eae
328 3091 413 3147 gentes
422 3085 541 3148 fuerant.
554 3113 588 3121 -
599 3090 657 3147 338.
679 3086 731 3133 For
750 3084 794 3133 the
813 3085 893 3147 tragic
912 3085 1078 3147 suggestions

82 3158 112 3208 of
123 3158 174 3208 this
185 3167 253 3223 gate,
266 3159 297 3208 cf.
312 3161 361 3208 Ov.
375 3160 445 3208 Fast.
460 3161 495 3207 Il.
510 3174 556 3209 202
568 3177 574 3207 ε
592 3161 638 3208 Ire
649 3167 700 3222 per
717 3162 784 3209 lianc
797 3161 923 3224 [portam]
937 3162 997 3218 nali,
1011 3162 1080 3223 quis-

81 3237 140 3300 quis
156 3250 199 3285 es:
222 3252 294 3283 omen
313 3235 508 3300 habel-343,
527 3236 646 3287 rettulit.
682 3235 723 3285 Cf.
743 3236 775 3284 V.
797 3235 860 3302 598:
883 3230 964 3285 ffienc
982 3251 1076 3286 marem

81 3327 173 3359 cursus
184 3313 291 3373 primus
303 3312 431 3358 Ascanius
443 3312 547 3359 rettulit.
