<?xml version="1.0" encoding="UTF-8"?>
<!DOCTYPE html PUBLIC "-//W3C//DTD XHTML 1.0 Transitional//EN"
    "http://www.w3.org/TR/xhtml1/DTD/xhtml1-transitional.dtd">
<html xmlns="http://www.w3.org/1999/xhtml" xml:lang="en" lang="en">
 <head>
  <title>
</title>
<meta http-equiv="Content-Type" content="text/html;charset=utf-8" />
  <meta name='ocr-system' content='tesseract 3.04.00' />
  <meta name='ocr-capabilities' content='ocr_page ocr_carea ocr_par ocr_line ocrx_word'/>
</head>
<body>
  <div class='ocr_page' id='page_1' title='image "./eighthbookvirgi00tetlgoog_0041.png"; bbox 0 0 2334 3630; ppageno 0'>
   <div class='ocr_carea' id='block_1_1' title="bbox 90 263 775 323">
    <p class='ocr_par' dir='ltr' id='par_1_1' title="bbox 90 263 775 323">
     <span class='ocr_line' id='line_1_1' title="bbox 90 263 775 323; baseline 0 -15"><span class='ocrx_word' id='word_1_1' title='bbox 90 263 133 323; x_wconf 87' lang='lat'>24</span> <span class='ocrx_word' id='word_1_2' title='bbox 399 264 428 310; x_wconf 82' lang='lat' dir='ltr'>P.</span> <span class='ocrx_word' id='word_1_3' title='bbox 454 263 595 307; x_wconf 76' lang='lat' dir='ltr'>veneni</span> <span class='ocrx_word' id='word_1_4' title='bbox 621 263 775 310; x_wconf 82' lang='lat' dir='ltr'>Mnnonrs</span> 
     </span>
    </p>
   </div>
   <div class='ocr_carea' id='block_1_2' title="bbox 90 400 1094 2517">
    <p class='ocr_par' dir='ltr' id='par_1_2' title="bbox 90 400 1092 2147">
     <span class='ocr_line' id='line_1_2' title="bbox 90 400 793 478; baseline 0.001 -19"><span class='ocrx_word' id='word_1_5' title='bbox 90 400 189 477; x_wconf 89' lang='lat' dir='ltr'>qualis</span> <span class='ocrx_word' id='word_1_6' title='bbox 204 401 257 460; x_wconf 92' lang='lat' dir='ltr'>ubi</span> <span class='ocrx_word' id='word_1_7' title='bbox 273 401 390 461; x_wconf 86' lang='lat' dir='ltr'>Oceani</span> <span class='ocrx_word' id='word_1_8' title='bbox 405 402 547 478; x_wconf 84' lang='lat' dir='ltr'>perfusus</span> <span class='ocrx_word' id='word_1_9' title='bbox 563 402 687 461; x_wconf 83' lang='lat' dir='ltr'><strong>Lucifer</strong></span> <span class='ocrx_word' id='word_1_10' title='bbox 701 403 793 475; x_wconf 84' lang='lat' dir='ltr'>unda,</span> 
     </span>
     <span class='ocr_line' id='line_1_3' title="bbox 90 494 1087 572; baseline 0.007 -21"><span class='ocrx_word' id='word_1_11' title='bbox 90 513 182 571; x_wconf 89' lang='lat' dir='ltr'>quem</span> <span class='ocrx_word' id='word_1_12' title='bbox 197 496 304 553; x_wconf 88' lang='lat' dir='ltr'>Venus</span> <span class='ocrx_word' id='word_1_13' title='bbox 319 504 391 553; x_wconf 90' lang='lat' dir='ltr'>ante</span> <span class='ocrx_word' id='word_1_14' title='bbox 406 495 483 554; x_wconf 91' lang='lat' dir='ltr'>alios</span> <span class='ocrx_word' id='word_1_15' title='bbox 499 504 650 553; x_wconf 89' lang='lat' dir='ltr'>astrorum</span> <span class='ocrx_word' id='word_1_16' title='bbox 665 494 764 571; x_wconf 86' lang='lat' dir='ltr'>diligit</span> <span class='ocrx_word' id='word_1_17' title='bbox 779 494 867 572; x_wconf 87' lang='lat' dir='ltr'>ignis,</span> <span class='ocrx_word' id='word_1_18' title='bbox 1038 506 1087 558; x_wconf 84' lang='lat'>590</span> 
     </span>
     <span class='ocr_line' id='line_1_4' title="bbox 90 587 853 664; baseline 0.001 -19"><span class='ocrx_word' id='word_1_19' title='bbox 90 587 198 646; x_wconf 87' lang='lat' dir='ltr'>extulit</span> <span class='ocrx_word' id='word_1_20' title='bbox 213 607 248 646; x_wconf 91' lang='lat' dir='ltr'>os</span> <span class='ocrx_word' id='word_1_21' title='bbox 264 607 384 646; x_wconf 90' lang='lat' dir='ltr'>sacrum</span> <span class='ocrx_word' id='word_1_22' title='bbox 399 587 485 646; x_wconf 91' lang='lat' dir='ltr'>caelo</span> <span class='ocrx_word' id='word_1_23' title='bbox 499 589 706 664; x_wconf 84' lang='lat' dir='ltr'><strong>tenebrasque</strong></span> <span class='ocrx_word' id='word_1_24' title='bbox 721 587 853 646; x_wconf 88' lang='lat' dir='ltr'>resolvit.</span> 
     </span>
     <span class='ocr_line' id='line_1_5' title="bbox 92 680 972 756; baseline -0.001 -17"><span class='ocrx_word' id='word_1_25' title='bbox 92 682 181 739; x_wconf 86' lang='lat' dir='ltr'>Stant</span> <span class='ocrx_word' id='word_1_26' title='bbox 196 680 326 756; x_wconf 84' lang='lat' dir='ltr'>pavidae</span> <span class='ocrx_word' id='word_1_27' title='bbox 342 680 373 737; x_wconf 92' lang='lat' dir='ltr'>in</span> <span class='ocrx_word' id='word_1_28' title='bbox 389 680 482 739; x_wconf 91' lang='lat' dir='ltr'>muris</span> <span class='ocrx_word' id='word_1_29' title='bbox 498 691 611 739; x_wconf 91' lang='lat' dir='ltr'>matres</span> <span class='ocrx_word' id='word_1_30' title='bbox 627 680 786 756; x_wconf 90' lang='lat' dir='ltr'>oculisque</span> <span class='ocrx_word' id='word_1_31' title='bbox 802 690 972 756; x_wconf 91' lang='lat' dir='ltr'>sequuntur</span> 
     </span>
     <span class='ocr_line' id='line_1_6' title="bbox 90 773 853 849; baseline 0.003 -19"><span class='ocrx_word' id='word_1_32' title='bbox 90 773 267 849; x_wconf 88' lang='lat' dir='ltr'>pulveream</span> <span class='ocrx_word' id='word_1_33' title='bbox 282 775 396 832; x_wconf 90' lang='lat' dir='ltr'>nubem</span> <span class='ocrx_word' id='word_1_34' title='bbox 411 783 442 832; x_wconf 92' lang='lat' dir='ltr'>et</span> <span class='ocrx_word' id='word_1_35' title='bbox 456 773 603 849; x_wconf 79' lang='lat' dir='ltr'>fulgentis</span> <span class='ocrx_word' id='word_1_36' title='bbox 620 792 689 832; x_wconf 92' lang='lat' dir='ltr'>aere</span> <span class='ocrx_word' id='word_1_37' title='bbox 705 782 853 832; x_wconf 88' lang='lat' dir='ltr'>catervas.</span> 
     </span>
     <span class='ocr_line' id='line_1_7' title="bbox 92 865 822 942; baseline -0.003 -17"><span class='ocrx_word' id='word_1_38' title='bbox 92 866 153 925; x_wconf 92' lang='lat' dir='ltr'>Olli</span> <span class='ocrx_word' id='word_1_39' title='bbox 168 885 222 942; x_wconf 93' lang='lat' dir='ltr'>per</span> <span class='ocrx_word' id='word_1_40' title='bbox 237 867 356 939; x_wconf 88' lang='lat' dir='ltr'>dumos,</span> <span class='ocrx_word' id='word_1_41' title='bbox 373 886 434 941; x_wconf 92' lang='lat' dir='ltr'>qua</span> <span class='ocrx_word' id='word_1_42' title='bbox 448 865 586 942; x_wconf 88' lang='lat' dir='ltr'>proxima</span> <span class='ocrx_word' id='word_1_43' title='bbox 601 875 683 924; x_wconf 90' lang='lat' dir='ltr'>meta</span> <span class='ocrx_word' id='word_1_44' title='bbox 698 865 822 938; x_wconf 92' lang='lat' dir='ltr'>viarum,</span> 
     </span>
     <span class='ocr_line' id='line_1_8' title="bbox 92 957 1088 1035; baseline 0.005 -19"><span class='ocrx_word' id='word_1_45' title='bbox 92 958 201 1017; x_wconf 90' lang='lat' dir='ltr'>armati</span> <span class='ocrx_word' id='word_1_46' title='bbox 216 959 348 1017; x_wconf 90' lang='lat' dir='ltr'>tendunt</span> <span class='ocrx_word' id='word_1_47' title='bbox 361 983 368 1031; x_wconf 92' lang='lat'>;</span> <span class='ocrx_word' id='word_1_48' title='bbox 391 957 414 1017; x_wconf 93' lang='lat' dir='ltr'>it</span> <span class='ocrx_word' id='word_1_49' title='bbox 430 959 551 1031; x_wconf 88' lang='lat' dir='ltr'>clamor,</span> <span class='ocrx_word' id='word_1_50' title='bbox 569 967 600 1017; x_wconf 93' lang='lat' dir='ltr'>et</span> <span class='ocrx_word' id='word_1_51' title='bbox 615 958 736 1035; x_wconf 87' lang='lat' dir='ltr'>agmine</span> <span class='ocrx_word' id='word_1_52' title='bbox 751 959 834 1017; x_wconf 85' lang='lat' dir='ltr'>iacto</span> <span class='ocrx_word' id='word_1_53' title='bbox 1040 968 1088 1021; x_wconf 87' lang='grc'>595</span> 
     </span>
     <span class='ocr_line' id='line_1_9' title="bbox 92 1051 1010 1127; baseline 0 -18"><span class='ocrx_word' id='word_1_54' title='bbox 92 1051 346 1127; x_wconf 89' lang='lat' dir='ltr'>quadrupedante</span> <span class='ocrx_word' id='word_1_55' title='bbox 362 1062 481 1127; x_wconf 87' lang='lat' dir='ltr'>putrem</span> <span class='ocrx_word' id='word_1_56' title='bbox 497 1051 598 1110; x_wconf 93' lang='lat' dir='ltr'>sonitu</span> <span class='ocrx_word' id='word_1_57' title='bbox 616 1051 714 1126; x_wconf 93' lang='lat' dir='ltr'>quatit</span> <span class='ocrx_word' id='word_1_58' title='bbox 729 1051 843 1127; x_wconf 92' lang='lat' dir='ltr'>ungula</span> <span class='ocrx_word' id='word_1_59' title='bbox 859 1069 1010 1126; x_wconf 88' lang='lat' dir='ltr'>campum.</span> 
     </span>
     <span class='ocr_line' id='line_1_10' title="bbox 94 1143 927 1221; baseline -0.004 -18"><span class='ocrx_word' id='word_1_60' title='bbox 94 1147 148 1203; x_wconf 91' lang='lat' dir='ltr'>Est</span> <span class='ocrx_word' id='word_1_61' title='bbox 164 1143 272 1220; x_wconf 91' lang='lat' dir='ltr'>ingens</span> <span class='ocrx_word' id='word_1_62' title='bbox 287 1144 422 1221; x_wconf 92' lang='lat' dir='ltr'>gelidum</span> <span class='ocrx_word' id='word_1_63' title='bbox 437 1145 524 1202; x_wconf 92' lang='lat' dir='ltr'>lucus</span> <span class='ocrx_word' id='word_1_64' title='bbox 539 1163 634 1220; x_wconf 87' lang='lat' dir='ltr'>prope</span> <span class='ocrx_word' id='word_1_65' title='bbox 651 1143 782 1202; x_wconf 88' lang='lat' dir='ltr'>Caeritis</span> <span class='ocrx_word' id='word_1_66' title='bbox 797 1162 927 1216; x_wconf 87' lang='lat' dir='ltr'>amnem,</span> 
     </span>
     <span class='ocr_line' id='line_1_11' title="bbox 93 1236 843 1313; baseline 0.001 -19"><span class='ocrx_word' id='word_1_67' title='bbox 93 1237 239 1313; x_wconf 87' lang='lat' dir='ltr'>religione</span> <span class='ocrx_word' id='word_1_68' title='bbox 255 1247 375 1312; x_wconf 91' lang='lat' dir='ltr'>patrum</span> <span class='ocrx_word' id='word_1_69' title='bbox 390 1238 451 1295; x_wconf 87' lang='lat' dir='ltr'>late</span> <span class='ocrx_word' id='word_1_70' title='bbox 467 1256 554 1295; x_wconf 91' lang='lat' dir='ltr'>sacer</span> <span class='ocrx_word' id='word_1_71' title='bbox 567 1261 573 1310; x_wconf 80' lang='lat'><em>3</em></span> <span class='ocrx_word' id='word_1_72' title='bbox 597 1237 733 1312; x_wconf 91' lang='lat' dir='ltr'>undique</span> <span class='ocrx_word' id='word_1_73' title='bbox 749 1236 843 1295; x_wconf 91' lang='lat' dir='ltr'>colles</span> 
     </span>
     <span class='ocr_line' id='line_1_12' title="bbox 93 1329 866 1406; baseline 0.001 -19"><span class='ocrx_word' id='word_1_74' title='bbox 93 1329 244 1388; x_wconf 89' lang='lat' dir='ltr'>inclusere</span> <span class='ocrx_word' id='word_1_75' title='bbox 260 1329 326 1387; x_wconf 89' lang='lat' dir='ltr'>cavi</span> <span class='ocrx_word' id='word_1_76' title='bbox 343 1340 372 1387; x_wconf 92' lang='lat' dir='ltr'>et</span> <span class='ocrx_word' id='word_1_77' title='bbox 387 1329 474 1406; x_wconf 87' lang='lat' dir='ltr'>nigra</span> <span class='ocrx_word' id='word_1_78' title='bbox 488 1348 596 1388; x_wconf 91' lang='lat' dir='ltr'>nemus</span> <span class='ocrx_word' id='word_1_79' title='bbox 613 1329 713 1388; x_wconf 92' lang='lat' dir='ltr'>abiete</span> <span class='ocrx_word' id='word_1_80' title='bbox 730 1330 866 1406; x_wconf 89' lang='lat' dir='ltr'>cingunt.</span> 
     </span>
     <span class='ocr_line' id='line_1_13' title="bbox 96 1421 1091 1498; baseline -0.002 -16"><span class='ocrx_word' id='word_1_81' title='bbox 96 1422 219 1482; x_wconf 88' lang='lat' dir='ltr'>Silvano</span> <span class='ocrx_word' id='word_1_82' title='bbox 233 1423 317 1479; x_wconf 81' lang='lat' dir='ltr'>fama</span> <span class='ocrx_word' id='word_1_83' title='bbox 332 1431 379 1480; x_wconf 91' lang='lat' dir='ltr'>est</span> <span class='ocrx_word' id='word_1_84' title='bbox 393 1422 505 1480; x_wconf 91' lang='lat' dir='ltr'>veteris</span> <span class='ocrx_word' id='word_1_85' title='bbox 521 1441 660 1480; x_wconf 88' lang='lat' dir='ltr'>sacrasse</span> <span class='ocrx_word' id='word_1_86' title='bbox 677 1423 831 1498; x_wconf 69' lang='lat' dir='ltr'>Pelasgos</span> <span class='ocrx_word' id='word_1_87' title='bbox 1040 1421 1091 1471; x_wconf 86' lang='lat'>600</span> 
     </span>
     <span class='ocr_line' id='line_1_14' title="bbox 94 1514 863 1591; baseline 0.001 -19"><span class='ocrx_word' id='word_1_88' title='bbox 94 1534 234 1574; x_wconf 89' lang='lat' dir='ltr'>arvorum</span> <span class='ocrx_word' id='word_1_89' title='bbox 249 1514 431 1590; x_wconf 89' lang='lat' dir='ltr'>pecorisque</span> <span class='ocrx_word' id='word_1_90' title='bbox 447 1515 515 1587; x_wconf 89' lang='lat' dir='ltr'>deo,</span> <span class='ocrx_word' id='word_1_91' title='bbox 532 1515 695 1590; x_wconf 90' lang='lat' dir='ltr'>lucumque</span> <span class='ocrx_word' id='word_1_92' title='bbox 711 1515 863 1591; x_wconf 85' lang='lat' dir='ltr'>diemque,</span> 
     </span>
     <span class='ocr_line' id='line_1_15' title="bbox 95 1606 821 1683; baseline 0.003 -19"><span class='ocrx_word' id='word_1_93' title='bbox 95 1607 147 1683; x_wconf 92' lang='lat' dir='ltr'>qui</span> <span class='ocrx_word' id='word_1_94' title='bbox 162 1606 251 1683; x_wconf 90' lang='lat' dir='ltr'>primi</span> <span class='ocrx_word' id='word_1_95' title='bbox 266 1607 336 1666; x_wconf 90' lang='lat' dir='ltr'>finis</span> <span class='ocrx_word' id='word_1_96' title='bbox 352 1607 518 1682; x_wconf 90' lang='lat' dir='ltr'>aliquando</span> <span class='ocrx_word' id='word_1_97' title='bbox 533 1608 668 1666; x_wconf 89' lang='lat' dir='ltr'>habuere</span> <span class='ocrx_word' id='word_1_98' title='bbox 685 1607 821 1666; x_wconf 90' lang='lat' dir='ltr'>Latinos.</span> 
     </span>
     <span class='ocr_line' id='line_1_16' title="bbox 96 1699 993 1778; baseline 0.002 -21"><span class='ocrx_word' id='word_1_99' title='bbox 96 1701 192 1758; x_wconf 89' lang='lat' dir='ltr'>Haud</span> <span class='ocrx_word' id='word_1_100' title='bbox 206 1700 312 1776; x_wconf 91' lang='lat' dir='ltr'>procul</span> <span class='ocrx_word' id='word_1_101' title='bbox 327 1699 399 1758; x_wconf 91' lang='lat' dir='ltr'>hinc</span> <span class='ocrx_word' id='word_1_102' title='bbox 414 1701 536 1758; x_wconf 91' lang='lat' dir='ltr'>Tarcho</span> <span class='ocrx_word' id='word_1_103' title='bbox 552 1709 583 1758; x_wconf 92' lang='lat' dir='ltr'>et</span> <span class='ocrx_word' id='word_1_104' title='bbox 598 1700 749 1778; x_wconf 89' lang='lat' dir='ltr'>Tyrrheni</span> <span class='ocrx_word' id='word_1_105' title='bbox 763 1709 830 1759; x_wconf 92' lang='lat' dir='ltr'>tuta</span> <span class='ocrx_word' id='word_1_106' title='bbox 844 1701 993 1760; x_wconf 88' lang='lat' dir='ltr'>tenebant</span> 
     </span>
     <span class='ocr_line' id='line_1_17' title="bbox 95 1792 833 1868; baseline -0.003 -16"><span class='ocrx_word' id='word_1_107' title='bbox 95 1802 195 1852; x_wconf 92' lang='lat' dir='ltr'>castra</span> <span class='ocrx_word' id='word_1_108' title='bbox 211 1792 295 1865; x_wconf 89' lang='lat' dir='ltr'>locis,</span> <span class='ocrx_word' id='word_1_109' title='bbox 313 1793 458 1868; x_wconf 91' lang='lat' dir='ltr'>celsoque</span> <span class='ocrx_word' id='word_1_110' title='bbox 473 1793 573 1851; x_wconf 91' lang='lat' dir='ltr'>omnis</span> <span class='ocrx_word' id='word_1_111' title='bbox 589 1793 628 1851; x_wconf 89' lang='lat' dir='ltr'>de</span> <span class='ocrx_word' id='word_1_112' title='bbox 644 1792 721 1851; x_wconf 91' lang='lat' dir='ltr'>colle</span> <span class='ocrx_word' id='word_1_113' title='bbox 736 1792 833 1851; x_wconf 89' lang='lat' dir='ltr'>videri</span> 
     </span>
     <span class='ocr_line' id='line_1_18' title="bbox 95 1885 1092 1962; baseline 0.003 -20"><span class='ocrx_word' id='word_1_114' title='bbox 95 1885 155 1942; x_wconf 91' lang='lat' dir='ltr'>iam</span> <span class='ocrx_word' id='word_1_115' title='bbox 169 1895 290 1961; x_wconf 88' lang='lat' dir='ltr'>poterat</span> <span class='ocrx_word' id='word_1_116' title='bbox 305 1885 385 1962; x_wconf 90' lang='lat' dir='ltr'>legio</span> <span class='ocrx_word' id='word_1_117' title='bbox 401 1895 432 1944; x_wconf 91' lang='lat' dir='ltr'>et</span> <span class='ocrx_word' id='word_1_118' title='bbox 446 1885 517 1944; x_wconf 92' lang='lat' dir='ltr'>latis</span> <span class='ocrx_word' id='word_1_119' title='bbox 532 1886 680 1944; x_wconf 91' lang='lat' dir='ltr'>tendebat</span> <span class='ocrx_word' id='word_1_120' title='bbox 695 1885 727 1943; x_wconf 90' lang='lat' dir='ltr'>in</span> <span class='ocrx_word' id='word_1_121' title='bbox 742 1885 831 1945; x_wconf 74' lang='lat' dir='ltr'>arvis,</span> <span class='ocrx_word' id='word_1_122' title='bbox 1040 1885 1092 1950; x_wconf 82' lang='lat'>605</span> 
     </span>
     <span class='ocr_line' id='line_1_19' title="bbox 96 1977 805 2054; baseline 0.001 -19"><span class='ocrx_word' id='word_1_123' title='bbox 96 1979 169 2037; x_wconf 92' lang='lat' dir='ltr'>Huc</span> <span class='ocrx_word' id='word_1_124' title='bbox 183 1988 270 2054; x_wconf 91' lang='lat' dir='ltr'>pater</span> <span class='ocrx_word' id='word_1_125' title='bbox 286 1982 409 2037; x_wconf 90' lang='lat' dir='ltr'>Aeneas</span> <span class='ocrx_word' id='word_1_126' title='bbox 425 1987 455 2037; x_wconf 91' lang='lat' dir='ltr'>et</span> <span class='ocrx_word' id='word_1_127' title='bbox 470 1978 552 2037; x_wconf 90' lang='lat' dir='ltr'>bello</span> <span class='ocrx_word' id='word_1_128' title='bbox 568 1978 648 2036; x_wconf 86' lang='lat' dir='ltr'>lecta</span> <span class='ocrx_word' id='word_1_129' title='bbox 663 1977 805 2037; x_wconf 90' lang='lat' dir='ltr'>iuventus</span> 
     </span>
     <span class='ocr_line' id='line_1_20' title="bbox 95 2071 895 2147; baseline -0.001 -16"><span class='ocrx_word' id='word_1_130' title='bbox 95 2071 265 2131; x_wconf 89' lang='lat' dir='ltr'>succedunt</span> <span class='ocrx_word' id='word_1_131' title='bbox 279 2071 416 2147; x_wconf 76' lang='lat' dir='ltr'>fessique</span> <span class='ocrx_word' id='word_1_132' title='bbox 431 2081 462 2130; x_wconf 91' lang='lat' dir='ltr'>et</span> <span class='ocrx_word' id='word_1_133' title='bbox 477 2090 574 2147; x_wconf 91' lang='lat' dir='ltr'>equos</span> <span class='ocrx_word' id='word_1_134' title='bbox 590 2080 621 2129; x_wconf 89' lang='lat' dir='ltr'>et</span> <span class='ocrx_word' id='word_1_135' title='bbox 636 2089 764 2146; x_wconf 89' lang='lat' dir='ltr'>corpora</span> <span class='ocrx_word' id='word_1_136' title='bbox 779 2080 895 2131; x_wconf 88' lang='lat' dir='ltr'>curant.</span> 
     </span>
    </p>

    <p class='ocr_par' dir='ltr' id='par_1_3' title="bbox 95 2163 1094 2517">
     <span class='ocr_line' id='line_1_21' title="bbox 137 2163 921 2223; baseline 0.001 -1"><span class='ocrx_word' id='word_1_137' title='bbox 137 2167 178 2222; x_wconf 85' lang='lat' dir='ltr'>At</span> <span class='ocrx_word' id='word_1_138' title='bbox 192 2166 299 2223; x_wconf 90' lang='lat' dir='ltr'>Venus</span> <span class='ocrx_word' id='word_1_139' title='bbox 315 2165 467 2223; x_wconf 90' lang='lat' dir='ltr'>aetherios</span> <span class='ocrx_word' id='word_1_140' title='bbox 483 2164 562 2222; x_wconf 92' lang='lat' dir='ltr'>inter</span> <span class='ocrx_word' id='word_1_141' title='bbox 577 2164 636 2222; x_wconf 91' lang='lat' dir='ltr'>dea</span> <span class='ocrx_word' id='word_1_142' title='bbox 652 2163 785 2221; x_wconf 88' lang='lat' dir='ltr'>candida</span> <span class='ocrx_word' id='word_1_143' title='bbox 799 2163 921 2223; x_wconf 91' lang='lat' dir='ltr'>nimbos</span> 
     </span>
     <span class='ocr_line' id='line_1_22' title="bbox 95 2256 912 2332; baseline -0.001 -17"><span class='ocrx_word' id='word_1_144' title='bbox 95 2257 178 2315; x_wconf 92' lang='lat' dir='ltr'>dona</span> <span class='ocrx_word' id='word_1_145' title='bbox 192 2258 295 2316; x_wconf 80' lang='lat' dir='ltr'>ferens</span> <span class='ocrx_word' id='word_1_146' title='bbox 311 2258 417 2315; x_wconf 91' lang='lat' dir='ltr'>aderat</span> <span class='ocrx_word' id='word_1_147' title='bbox 430 2280 436 2329; x_wconf 85' lang='lat'>3</span> <span class='ocrx_word' id='word_1_148' title='bbox 461 2266 628 2332; x_wconf 92' lang='lat' dir='ltr'>natumque</span> <span class='ocrx_word' id='word_1_149' title='bbox 644 2256 675 2313; x_wconf 95' lang='lat' dir='ltr'>in</span> <span class='ocrx_word' id='word_1_150' title='bbox 690 2256 770 2315; x_wconf 90' lang='lat' dir='ltr'>valle</span> <span class='ocrx_word' id='word_1_151' title='bbox 785 2256 912 2315; x_wconf 92' lang='lat' dir='ltr'>reducta</span> 
     </span>
     <span class='ocr_line' id='line_1_23' title="bbox 96 2348 1094 2426; baseline -0.005 -20"><span class='ocrx_word' id='word_1_152' title='bbox 96 2360 128 2407; x_wconf 94' lang='lat' dir='ltr'>ut</span> <span class='ocrx_word' id='word_1_153' title='bbox 144 2350 249 2425; x_wconf 89' lang='lat' dir='ltr'>procul</span> <span class='ocrx_word' id='word_1_154' title='bbox 265 2360 295 2407; x_wconf 91' lang='lat' dir='ltr'>et</span> <span class='ocrx_word' id='word_1_155' title='bbox 309 2349 413 2426; x_wconf 92' lang='lat' dir='ltr'>gelido</span> <span class='ocrx_word' id='word_1_156' title='bbox 428 2357 580 2407; x_wconf 90' lang='lat' dir='ltr'>secretum</span> <span class='ocrx_word' id='word_1_157' title='bbox 595 2349 719 2407; x_wconf 90' lang='lat' dir='ltr'>flumine</span> <span class='ocrx_word' id='word_1_158' title='bbox 734 2348 820 2421; x_wconf 87' lang='lat' dir='ltr'>vidit,</span> <span class='ocrx_word' id='word_1_159' title='bbox 1043 2349 1094 2401; x_wconf 84' lang='lat'>610</span> 
     </span>
     <span class='ocr_line' id='line_1_24' title="bbox 95 2441 851 2517; baseline -0.001 -17"><span class='ocrx_word' id='word_1_160' title='bbox 95 2442 208 2500; x_wconf 92' lang='lat' dir='ltr'>talibus</span> <span class='ocrx_word' id='word_1_161' title='bbox 224 2442 330 2499; x_wconf 79' lang='lat' dir='ltr'>adfata</span> <span class='ocrx_word' id='word_1_162' title='bbox 345 2450 392 2500; x_wconf 91' lang='lat' dir='ltr'>est</span> <span class='ocrx_word' id='word_1_163' title='bbox 408 2441 498 2500; x_wconf 86' lang='lat' dir='ltr'>dictis</span> <span class='ocrx_word' id='word_1_164' title='bbox 514 2461 610 2517; x_wconf 91' lang='lat' dir='ltr'>seque</span> <span class='ocrx_word' id='word_1_165' title='bbox 626 2441 737 2500; x_wconf 93' lang='lat' dir='ltr'>obtulit</span> <span class='ocrx_word' id='word_1_166' title='bbox 751 2442 851 2500; x_wconf 93' lang='lat' dir='ltr'>ultro:</span> 
     </span>
    </p>
   </div>
   <div class='ocr_carea' id='block_1_3' title="bbox 95 2575 1095 2871">
    <p class='ocr_par' dir='ltr' id='par_1_4' title="bbox 95 2575 1095 2871">
     <span class='ocr_line' id='line_1_25' title="bbox 138 2575 1095 2641; baseline 0.001 -15"><span class='ocrx_word' id='word_1_167' title='bbox 138 2582 195 2638; x_wconf 83' lang='lat'>589.</span> <span class='ocrx_word' id='word_1_168' title='bbox 215 2575 419 2624; x_wconf 86' lang='lat' dir='ltr'><strong>Cf.11.801-2:</strong></span> <span class='ocrx_word' id='word_1_169' title='bbox 444 2577 552 2639; x_wconf 88' lang='lat' dir='ltr'>Iamque</span> <span class='ocrx_word' id='word_1_170' title='bbox 570 2578 637 2639; x_wconf 81' lang='lat' dir='ltr'>iugis</span> <span class='ocrx_word' id='word_1_171' title='bbox 655 2593 770 2624; x_wconf 86' lang='lat' dir='ltr'>summae</span> <span class='ocrx_word' id='word_1_172' title='bbox 787 2578 903 2640; x_wconf 81' lang='lat' dir='ltr'>surgebat</span> <span class='ocrx_word' id='word_1_173' title='bbox 912 2578 1019 2641; x_wconf 80' lang='lat' dir='ltr'>Lucifer</span> <span class='ocrx_word' id='word_1_174' title='bbox 1030 2579 1095 2627; x_wconf 85' lang='lat' dir='ltr'>ldae</span> 
     </span>
     <span class='ocr_line' id='line_1_26' title="bbox 95 2652 1095 2718; baseline 0.003 -17"><span class='ocrx_word' id='word_1_175' title='bbox 95 2654 244 2716; x_wconf 79' lang='lat' dir='ltr'>ducebatque</span> <span class='ocrx_word' id='word_1_176' title='bbox 260 2653 335 2700; x_wconf 86' lang='lat' dir='ltr'>diem.</span> <span class='ocrx_word' id='word_1_177' title='bbox 348 2680 382 2687; x_wconf 98' lang='lat'>—</span> <span class='ocrx_word' id='word_1_178' title='bbox 394 2666 451 2713; x_wconf 82' lang='lat'>590.</span> <span class='ocrx_word' id='word_1_179' title='bbox 479 2652 519 2700; x_wconf 84' lang='lat' dir='ltr'>Cf.</span> <span class='ocrx_word' id='word_1_180' title='bbox 534 2653 587 2701; x_wconf 89' lang='lat' dir='ltr'>Cic.</span> <span class='ocrx_word' id='word_1_181' title='bbox 602 2654 635 2700; x_wconf 92' lang='lat' dir='ltr'>N.</span> <span class='ocrx_word' id='word_1_182' title='bbox 650 2654 682 2699; x_wconf 93' lang='lat' dir='ltr'>D.</span> <span class='ocrx_word' id='word_1_183' title='bbox 697 2654 732 2701; x_wconf 89' lang='lat' dir='ltr'>II.</span> <span class='ocrx_word' id='word_1_184' title='bbox 748 2665 795 2717; x_wconf 80' lang='lat'>53:</span> <span class='ocrx_word' id='word_1_185' title='bbox 814 2655 886 2701; x_wconf 83' lang='lat' dir='ltr'>stella</span> <span class='ocrx_word' id='word_1_186' title='bbox 905 2654 1014 2710; x_wconf 81' lang='lat' dir='ltr'>Veneris,</span> <span class='ocrx_word' id='word_1_187' title='bbox 1027 2670 1095 2718; x_wconf 85' lang='lat' dir='ltr'>quae</span> 
     </span>
     <span class='ocr_line' id='line_1_27' title="bbox 95 2727 1092 2793; baseline 0.004 -17"><span class='ocrx_word' id='word_1_188' title='bbox 95 2727 225 2789; x_wconf 79' lang='grc' dir='ltr'>Φωσφόρος</span> <span class='ocrx_word' id='word_1_189' title='bbox 240 2730 337 2784; x_wconf 83' lang='lat' dir='ltr'>Graece,</span> <span class='ocrx_word' id='word_1_190' title='bbox 351 2729 443 2776; x_wconf 83' lang='lat' dir='ltr'>Latine</span> <span class='ocrx_word' id='word_1_191' title='bbox 454 2730 550 2776; x_wconf 81' lang='lat' dir='ltr'>diez&#39;tur</span> <span class='ocrx_word' id='word_1_192' title='bbox 560 2730 672 2793; x_wconf 84' lang='lat' dir='ltr'>Lucifer,</span> <span class='ocrx_word' id='word_1_193' title='bbox 685 2746 740 2777; x_wconf 86' lang='lat' dir='ltr'>eum</span> <span class='ocrx_word' id='word_1_194' title='bbox 754 2730 930 2792; x_wconf 66' lang='lat' dir='ltr'>aeetqgreditur</span> <span class='ocrx_word' id='word_1_195' title='bbox 940 2730 1023 2787; x_wconf 84' lang='lat' dir='ltr'>selem,</span> <span class='ocrx_word' id='word_1_196' title='bbox 1033 2747 1092 2781; x_wconf 78' lang='lat' dir='ltr'>cuns</span> 
     </span>
     <span class='ocr_line' id='line_1_28' title="bbox 95 2796 1093 2871; baseline 0.005 -18"><span class='ocrx_word' id='word_1_197' title='bbox 95 2806 254 2868; x_wconf 78' lang='lat' dir='ltr'>subsequitur</span> <span class='ocrx_word' id='word_1_198' title='bbox 264 2811 355 2861; x_wconf 84' lang='lat' dir='ltr'>autem,</span> <span class='ocrx_word' id='word_1_199' title='bbox 364 2796 490 2865; x_wconf 80' lang='grc' dir='ltr'>Ἕσπερος.</span> <span class='ocrx_word' id='word_1_200' title='bbox 500 2833 534 2840; x_wconf 95' lang='grc'><strong>-</strong></span> <span class='ocrx_word' id='word_1_201' title='bbox 543 2818 601 2870; x_wconf 85' lang='lat'>591,</span> <span class='ocrx_word' id='word_1_202' title='bbox 620 2806 732 2871; x_wconf 77' lang='lat' dir='ltr'>extulit,</span> <span class='ocrx_word' id='word_1_203' title='bbox 746 2806 867 2857; x_wconf 86' lang='lat' dir='ltr'>resolvit.</span> <span class='ocrx_word' id='word_1_204' title='bbox 899 2807 951 2854; x_wconf 91' lang='lat' dir='ltr'>For</span> <span class='ocrx_word' id='word_1_205' title='bbox 960 2805 1004 2855; x_wconf 89' lang='lat' dir='ltr'>the</span> <span class='ocrx_word' id='word_1_206' title='bbox 1017 2813 1093 2858; x_wconf 73' lang='lat' dir='ltr'>tense</span> 
     </span>
    </p>
   </div>
   <div class='ocr_carea' id='block_1_4' title="bbox 94 2887 1095 3031">
    <p class='ocr_par' dir='ltr' id='par_1_5' title="bbox 94 2887 1095 3031">
     <span class='ocr_line' id='line_1_29' title="bbox 96 2887 1095 2953; baseline 0.004 -17"><span class='ocrx_word' id='word_1_207' title='bbox 96 2888 125 2936; x_wconf 86' lang='lat' dir='ltr'>of</span> <span class='ocrx_word' id='word_1_208' title='bbox 136 2888 209 2936; x_wconf 90' lang='lat' dir='ltr'>these</span> <span class='ocrx_word' id='word_1_209' title='bbox 222 2887 304 2943; x_wconf 89' lang='lat' dir='ltr'>verbs,</span> <span class='ocrx_word' id='word_1_210' title='bbox 318 2887 350 2936; x_wconf 86' lang='lat' dir='ltr'>cf.</span> <span class='ocrx_word' id='word_1_211' title='bbox 366 2888 400 2934; x_wconf 89' lang='lat'>11.</span> <span class='ocrx_word' id='word_1_212' title='bbox 416 2887 531 2952; x_wconf 90' lang='lat'>379-80:</span> <span class='ocrx_word' id='word_1_213' title='bbox 549 2889 721 2950; x_wconf 74' lang='lat' dir='ltr'>Improvisum</span> <span class='ocrx_word' id='word_1_214' title='bbox 735 2891 818 2950; x_wconf 81' lang='lat' dir='ltr'>aspris</span> <span class='ocrx_word' id='word_1_215' title='bbox 830 2890 910 2937; x_wconf 85' lang='lat' dir='ltr'>veluti</span> <span class='ocrx_word' id='word_1_216' title='bbox 925 2891 972 2953; x_wconf 87' lang='lat' dir='ltr'>qui</span> <span class='ocrx_word' id='word_1_217' title='bbox 982 2891 1095 2940; x_wconf 82' lang='lat' dir='ltr'>sentibus</span> 
     </span>
     <span class='ocr_line' id='line_1_30' title="bbox 94 2965 1092 3031; baseline 0 -18"><span class='ocrx_word' id='word_1_218' title='bbox 94 2981 202 3028; x_wconf 79' lang='lat' dir='ltr'>anguem</span> <span class='ocrx_word' id='word_1_219' title='bbox 216 2966 312 3026; x_wconf 81' lang='lat' dir='ltr'>pressit</span> <span class='ocrx_word' id='word_1_220' title='bbox 328 2965 404 3012; x_wconf 81' lang='lat' dir='ltr'>humi</span> <span class='ocrx_word' id='word_1_221' title='bbox 416 2966 498 3011; x_wconf 86' lang='lat' dir='ltr'>nitens</span> <span class='ocrx_word' id='word_1_222' title='bbox 509 2967 669 3028; x_wconf 80' lang='lat' dir='ltr'>trepidusque</span> <span class='ocrx_word' id='word_1_223' title='bbox 681 2972 778 3026; x_wconf 84' lang='lat' dir='ltr'>repente</span> <span class='ocrx_word' id='word_1_224' title='bbox 790 2967 890 3030; x_wconf 70' lang='lat' dir='ltr'>refugii.</span> <span class='ocrx_word' id='word_1_225' title='bbox 902 2994 937 3001; x_wconf 96' lang='lat'><em>-</em></span> <span class='ocrx_word' id='word_1_226' title='bbox 947 2977 1007 3031; x_wconf 77' lang='lat'>594,</span> <span class='ocrx_word' id='word_1_227' title='bbox 1025 2965 1092 3019; x_wconf 81' lang='lat'><strong>0111.</strong></span> 
     </span>
    </p>
   </div>
   <div class='ocr_carea' id='block_1_5' title="bbox 96 3041 738 3105">
    <p class='ocr_par' dir='ltr' id='par_1_6' title="bbox 96 3041 738 3105">
     <span class='ocr_line' id='line_1_31' title="bbox 96 3041 738 3105; baseline -0.002 -16"><span class='ocrx_word' id='word_1_228' title='bbox 96 3042 137 3090; x_wconf 87' lang='lat' dir='ltr'>Cf.</span> <span class='ocrx_word' id='word_1_229' title='bbox 150 3057 174 3089; x_wconf 92' lang='lat' dir='ltr'>v.</span> <span class='ocrx_word' id='word_1_230' title='bbox 187 3055 226 3105; x_wconf 84' lang='lat'>94.</span> <span class='ocrx_word' id='word_1_231' title='bbox 238 3070 273 3077; x_wconf 95' lang='lat'><em>-</em></span> <span class='ocrx_word' id='word_1_232' title='bbox 284 3047 342 3090; x_wconf 86' lang='lat'><strong>600.</strong></span> <span class='ocrx_word' id='word_1_233' title='bbox 362 3041 486 3092; x_wconf 82' lang='lat' dir='ltr'>Silvano.</span> <span class='ocrx_word' id='word_1_234' title='bbox 522 3041 564 3089; x_wconf 83' lang='lat' dir='ltr'>Cf.</span> <span class='ocrx_word' id='word_1_235' title='bbox 578 3041 609 3089; x_wconf 93' lang='lat' dir='ltr'>G.</span> <span class='ocrx_word' id='word_1_236' title='bbox 624 3041 659 3088; x_wconf 94' lang='lat' dir='ltr'>II.</span> <span class='ocrx_word' id='word_1_237' title='bbox 673 3055 738 3105; x_wconf 85' lang='lat'><strong>493:</strong></span> 
     </span>
    </p>
   </div>
   <div class='ocr_carea' id='block_1_6' title="bbox 281 3115 917 3226">
    <p class='ocr_par' dir='ltr' id='par_1_7' title="bbox 281 3115 917 3226">
     <span class='ocr_line' id='line_1_32' title="bbox 281 3115 801 3166; baseline -0.002 -10"><span class='ocrx_word' id='word_1_238' title='bbox 281 3118 416 3156; x_wconf 80' lang='lat' dir='ltr'>Fortunatus</span> <span class='ocrx_word' id='word_1_239' title='bbox 428 3120 449 3155; x_wconf 85' lang='lat' dir='ltr'>ei</span> <span class='ocrx_word' id='word_1_240' title='bbox 463 3117 504 3164; x_wconf 88' lang='lat' dir='ltr'>ille,</span> <span class='ocrx_word' id='word_1_241' title='bbox 518 3115 567 3155; x_wconf 80' lang='lat' dir='ltr'>deos</span> <span class='ocrx_word' id='word_1_242' title='bbox 579 3116 619 3166; x_wconf 80' lang='lat' dir='ltr'>qui</span> <span class='ocrx_word' id='word_1_243' title='bbox 629 3117 689 3156; x_wconf 81' lang='lat' dir='ltr'>novit</span> <span class='ocrx_word' id='word_1_244' title='bbox 701 3117 801 3166; x_wconf 73' lang='lat' dir='ltr'>agrestis,</span> 
     </span>
     <span class='ocr_line' id='line_1_33' title="bbox 282 3175 917 3226; baseline 0 -10"><span class='ocrx_word' id='word_1_245' title='bbox 282 3178 386 3225; x_wconf 75' lang='lat' dir='ltr'>Panaque</span> <span class='ocrx_word' id='word_1_246' title='bbox 400 3175 558 3226; x_wconf 78' lang='lat' dir='ltr'>Silvanumque</span> <span class='ocrx_word' id='word_1_247' title='bbox 570 3188 641 3215; x_wconf 83' lang='lat' dir='ltr'>senem</span> <span class='ocrx_word' id='word_1_248' title='bbox 654 3175 808 3226; x_wconf 76' lang='lat' dir='ltr'>Nymphasque</span> <span class='ocrx_word' id='word_1_249' title='bbox 819 3178 917 3216; x_wconf 82' lang='lat' dir='ltr'>sorores!</span> 
     </span>
    </p>
   </div>
   <div class='ocr_carea' id='block_1_7' title="bbox 96 3233 1093 3378">
    <p class='ocr_par' dir='ltr' id='par_1_8' title="bbox 96 3233 1093 3378">
     <span class='ocr_line' id='line_1_34' title="bbox 137 3233 1093 3302; baseline -0.002 -15"><span class='ocrx_word' id='word_1_250' title='bbox 137 3242 196 3302; x_wconf 76' lang='grc' dir='ltr'>σοῦ,</span> <span class='ocrx_word' id='word_1_251' title='bbox 216 3237 286 3287; x_wconf 83' lang='lat' dir='ltr'>bello</span> <span class='ocrx_word' id='word_1_252' title='bbox 304 3238 383 3287; x_wconf 82' lang='lat' dir='ltr'>lecta.</span> <span class='ocrx_word' id='word_1_253' title='bbox 420 3233 461 3284; x_wconf 85' lang='lat' dir='ltr'>ef.</span> <span class='ocrx_word' id='word_1_254' title='bbox 475 3251 498 3283; x_wconf 87' lang='lat' dir='ltr'>v·</span> <span class='ocrx_word' id='word_1_255' title='bbox 513 3239 684 3300; x_wconf 80' lang='lat'>547·—⁶07‚</span> <span class='ocrx_word' id='word_1_256' title='bbox 709 3236 864 3288; x_wconf 77' lang='lat' dir='ltr'>succedant.</span> <span class='ocrx_word' id='word_1_257' title='bbox 895 3235 937 3286; x_wconf 79' lang='lat' dir='ltr'>cf.</span> <span class='ocrx_word' id='word_1_258' title='bbox 954 3252 977 3285; x_wconf 90' lang='lat' dir='ltr'>v.</span> <span class='ocrx_word' id='word_1_259' title='bbox 991 3249 1047 3302; x_wconf 80' lang='lat'><strong>507.</strong></span> <span class='ocrx_word' id='word_1_260' title='bbox 1062 3266 1093 3278; x_wconf 85' lang='lat'>-</span> 
     </span>
     <span class='ocr_line' id='line_1_35' title="bbox 96 3310 484 3378; baseline -0.01 -14"><span class='ocrx_word' id='word_1_261' title='bbox 96 3318 154 3378; x_wconf 82' lang='lat'><strong>608,</strong></span> <span class='ocrx_word' id='word_1_262' title='bbox 174 3312 300 3364; x_wconf 82' lang='lat' dir='ltr'>candida.</span> <span class='ocrx_word' id='word_1_263' title='bbox 336 3310 378 3361; x_wconf 79' lang='lat' dir='ltr'>Cf.</span> <span class='ocrx_word' id='word_1_264' title='bbox 391 3326 414 3362; x_wconf 89' lang='lat' dir='ltr'>v.</span> <span class='ocrx_word' id='word_1_265' title='bbox 430 3310 484 3376; x_wconf 88' lang='lat'>138.</span> 
     </span>
    </p>
   </div>
   <div class='ocr_carea' id='block_1_8' title="bbox 0 0 1177 3630">
    <p class='ocr_par' dir='ltr' id='par_1_9' title="bbox 0 0 1177 3630">
     <span class='ocr_line' id='line_1_36' title="bbox 0 0 1177 3630; baseline 0 0"><span class='ocrx_word' id='word_1_266' title='bbox 0 0 1177 3630; x_wconf 95' lang='lat' dir='ltr'> </span> 
     </span>
    </p>
   </div>
  </div>
 </body>
</html>
