2334 3630
403 152 577 235 AENEIDOS
602 190 668 237 LIB.
694 190 767 234 VIII.
1044 189 1085 255 19

87 327 254 404 Congressi
269 327 400 404 iungunt
415 328 538 386 dextras
553 327 726 403 mediisque
741 328 881 387 residunt

87 420 217 479 aedibus
232 431 262 479 et
277 419 361 478 licito
377 421 502 479 tandem
518 438 658 479 sermone
673 422 823 479 fruuntur.

87 515 155 572 Rex
170 512 253 589 prior
267 514 345 571 haec
360 535 366 572 :

87 605 240 664 ‘Maxime
255 607 444 664 Teucrorum
459 606 577 679 ductor,
595 625 656 682 quo
672 605 789 683 sospite
804 625 972 682 numquam

85 717 134 757 res
150 697 294 774 equidem
310 697 421 756 Troiae
436 698 534 757 victas
550 707 602 756 aut
617 718 713 775 regna
726 700 857 772 fatebor,

86 791 176 849 nobis
192 791 232 849 ad
246 789 321 849 belli
336 790 482 848 auxilium
498 811 553 866 pro
568 791 693 850 nomine
708 801 796 851 tanto

86 883 213 960 exiguae
228 883 327 942 vires:
351 883 424 941 hinc
440 884 543 942 Tusco
559 883 729 942 claudimur
744 883 835 956 amni,

85 975 157 1034 hinc
173 976 306 1034 Rutulus
321 975 432 1052 premit
447 985 478 1034 et
493 995 612 1034 murum
628 976 834 1036 circumsonat
848 976 949 1036 armis.

87 1068 149 1127 Sed
164 1066 220 1127 tibi
235 1087 292 1144 ego
308 1067 443 1145 ingentis
459 1068 591 1144 populos
607 1069 815 1145 opulentaque
830 1069 933 1147 regnis

85 1160 210 1238 iungere
226 1170 327 1219 castra
341 1180 426 1237 paro,
443 1180 536 1237 quam
550 1161 614 1220 fors
631 1161 757 1237 inopina
772 1161 903 1220 salutem

85 1262 222 1313 ostentat
237 1274 243 1312 :
265 1252 338 1312 fatis
353 1254 414 1311 huc
429 1261 460 1311 te
475 1254 677 1329 poscentibus
692 1255 803 1313 adfers.

86 1347 183 1405 Haud
197 1345 302 1423 procul
318 1345 391 1404 hinc
407 1364 482 1404 saxo
497 1345 641 1404 incolitur
654 1347 786 1405 fundata
800 1356 923 1406 vetusto

85 1439 169 1498 urbis
185 1438 346 1517 Agyllinae
362 1438 463 1512 sedes,
480 1438 532 1497 ubi
548 1439 647 1517 Lydia
662 1439 820 1515 quondam

84 1551 169 1608 gens,
185 1531 268 1590 bello
283 1531 449 1607 praeclara,
467 1530 547 1607 iugis
562 1530 676 1590 insedit
692 1532 838 1591 Etruscis
932 1567 934 1571 ν

87 1626 181 1682 Hanc
196 1623 310 1682 multos
324 1623 486 1682 florentem
501 1642 600 1682 annos
614 1642 667 1682 rex
682 1623 795 1683 deinde
811 1626 944 1701 superbo

85 1716 213 1794 imperio
228 1726 259 1775 et
274 1715 375 1775 saevis
390 1715 489 1774 tenuit
506 1715 681 1775 Mezentius
696 1717 798 1776 armis.

85 1809 170 1883 Quid
184 1827 349 1867 memorem
365 1808 509 1867 infandas
525 1809 646 1876 caedes,
662 1809 738 1884 quid
751 1810 835 1868 facta
849 1810 970 1888 tyranni

85 1901 199 1960 effera?
222 1901 254 1959 di
269 1901 363 1977 capiti
379 1901 476 1977 ipsius
490 1900 657 1978 generique
672 1906 848 1962 reservent!

87 1995 211 2052 Mortua
226 1993 300 2070 quin
317 1994 410 2052 etiam
426 1993 571 2070 iungebat
587 2013 716 2070 corpora
730 1993 816 2067 vivis,

84 2105 274 2163 componens
288 2087 492 2162 manibusque
508 2105 617 2145 manus
633 2095 726 2162 atque
741 2086 846 2146 oribus
861 2105 923 2160 ora,

84 2179 228 2252 tormenti
243 2197 350 2256 genus,
368 2189 399 2238 et
414 2179 500 2238 sanie
516 2181 651 2255 taboque
666 2178 790 2239 fluentis

84 2271 246 2347 complexu
260 2270 291 2328 in
307 2271 419 2330 misero
435 2272 526 2347 longa
541 2272 586 2330 sic
601 2281 699 2331 morte
715 2273 855 2332 necabat.

84 2367 128 2423 At
141 2363 219 2423 fessi
233 2365 360 2424 tandem
375 2365 459 2424 cives
474 2364 603 2423 infanda
617 2365 770 2427 furentem

126 2561 219 2623 467-8,
238 2556 339 2608 mediis
357 2556 482 2608 aedibus.
512 2556 554 2606 cf.
568 2557 604 2605 II.
619 2569 684 2622 5122
701 2559 813 2607 Aedibus
824 2558 853 2607 in
865 2559 954 2608 mediet
966 2560 1082 2624 nudoque

83 2634 128 2682 sub
146 2635 255 2682 aetherr's
273 2649 329 2682 axe.
347 2662 381 2669 —
397 2647 457 2698 473,
476 2634 564 2684 Tusco
583 2634 667 2683 amni.
713 2634 754 2683 Cf.
775 2635 806 2683 G.
827 2635 848 2683 Ι.
868 2648 933 2699 499:
969 2637 1079 2685 Tuscum

88 2711 249 2759 Te'benm.—
260 2724 319 2773 474.
339 2708 380 2758 Cf.
393 2725 417 2758 v.
432 2708 485 2769 146.
497 2738 532 2746 —-
543 2715 602 2774 476,
627 2723 710 2774 quam
729 2748 736 2762 .
751 2747 780 2762 ..
801 2712 929 2763 salutem.
966 2713 1018 2761 For
1035 2711 1081 2762 the

83 2785 236 2836 transferor
252 2786 297 2834 the
308 2784 464 2834 antecedent
482 2793 510 2834 to
530 2785 575 2835 the
593 2787 700 2836 relative
713 2788 807 2845 clause,
821 2787 853 2836 cf.
867 2789 914 2837 IV.
928 2787 975 2854 263
987 2805 994 2836 r
1011 2790 1081 2838 dives

51 2884 54 2887 ·
82 2879 147 2927 quae
165 2879 275 2912 munera
294 2863 366 2910 Dido
382 2862 489 2927 fecerat.
507 2890 543 2900 -
559 2868 651 2925 481-2.
674 2863 716 2912 Cf.
737 2864 782 2913 the
802 2863 1031 2914 characterization
1051 2864 1082 2914 of

84 2939 230 2989 Mezentius
242 2939 269 2988 in
282 2939 345 2987 VII.
358 2937 406 2999 648
419 2937 466 2986 ff.:
484 2945 638 3002 contemptor
649 2940 733 2989 divom
746 2941 925 2991 Mezentius..
937 2975 945 2991 .
957 2976 964 2991 .
976 2942 1080 2990 lausus

82 3015 178 3078 dignus
188 3016 287 3079 patriti
298 3015 345 3079 qui
354 3016 446 3063 laetior
456 3021 518 3063 esset
535 3015 651 3077 imperiti*
668 3022 693 3064 et
708 3018 752 3066 cui
761 3023 840 3080 pater
856 3017 932 3066 haud
938 3017 1081 3066 Mezentius

81 3096 256 3154 esset-484.
276 3090 452 3154 cr.11.19e1
465 3107 472 3138 r
490 3092 559 3154 quod
567 3092 681 3154 diprius
692 3107 763 3142 omen
776 3094 804 3140 r'n
817 3093 902 3156 usum
914 3092 1080 3144 convertant!

81 3195 117 3211 -η
127 3173 187 3234 489,
205 3165 321 3236 infanda
341 3169 463 3231 (cognate
481 3167 543 3228 acc.)
563 3165 709 3220 furentem.
744 3167 787 3218 Cf.
799 3183 823 3219 v.
836 3167 902 3232 248:
919 3170 1019 3218 insueta
1036 3185 1080 3219 ru·

81 3245 188 3296 dentem.
