2334 3630
87 233 126 294 16
390 253 418 296 P.
445 251 587 296 venerer
612 252 766 298 MARoms

82 389 197 465 Aspice
212 389 265 465 qui
280 399 390 449 coeant
405 390 519 467 populi,
537 410 616 467 quae
632 391 754 451 moenia
769 391 882 452 clausis
1030 392 1080 459 385

81 482 195 540 ferrum
210 492 323 541 acuant
338 483 434 559 portis
450 483 481 541 in
497 503 545 542 me
561 483 776 559 excidiumque
791 486 947 546 meorum)

83 575 218 648 Dixerat,
235 586 266 634 et
281 575 378 635 niveis
394 576 467 634 hinc
482 585 575 651 atque
591 576 664 635 hinc
680 577 751 635 diva
765 577 888 637 lacertis

82 677 279 727 cunctantem
294 669 436 744 amplexu
451 669 535 727 molli
549 670 643 729 fovet.
689 671 746 729 Ille
761 681 887 746 repente

82 760 204 837 accepit
219 761 341 820 solitam
355 761 519 835 flammam,
536 771 691 838 notusque
707 764 857 822 medullas
874 813 877 819 .

82 853 206 913 intravit
221 853 305 912 calor
319 863 351 913 et
365 854 519 914 labefacta
533 875 589 932 per
603 875 675 914 ossa
691 857 842 917 cucurrit:
1030 871 1082 923 390

81 966 145 1006 non
161 966 251 1006 secus
266 957 359 1023 atque
375 947 447 1006 olim
463 948 578 1007 tonitru
593 968 662 1007 cum
678 959 768 1026 rupta
783 969 912 1009 corusco

82 1039 173 1117 ignea
187 1039 263 1098 rima
278 1040 396 1099 micans
411 1041 559 1117 percurrit
574 1043 688 1100 lumine
704 1043 835 1102 nimbos,

84 1132 187 1191 Sensit
202 1133 283 1192 laeta
299 1133 378 1192 dolis
395 1144 426 1193 et
440 1135 557 1193 iormae
573 1134 698 1194 conscia
713 1135 854 1195 coniunx.

83 1226 162 1282 Tum
177 1235 266 1302 pater
281 1237 407 1286 aeterno
421 1228 503 1285 fatur
519 1227 680 1287 devinctus
696 1248 818 1287 amore:

84 1318 183 1392 ‘Quid
199 1338 309 1378 causas
324 1319 404 1396 petis
420 1339 458 1378 ex
473 1319 555 1379 alto?
578 1321 691 1379 fiducia
706 1322 800 1381 cessit

83 1430 144 1486 quo
160 1411 224 1484 tibi,
241 1412 321 1485 diva,
338 1412 417 1470 mei?
463 1413 575 1472 Similis
591 1414 616 1471 si
633 1433 705 1472 cura
719 1415 837 1488 fuisset,

82 1514 148 1563 tum
163 1523 285 1580 quoque
300 1506 349 1563 ias
364 1504 454 1563 nobis
470 1507 607 1564 Teucros
624 1525 740 1564 armare
755 1507 883 1581 fuisset3

83 1616 141 1655 nec
157 1599 248 1657 Pater
262 1597 458 1673 omnipotens
474 1598 598 1656 Troiam
614 1617 672 1657 nec
686 1600 751 1657 iata
766 1602 914 1661 vetabant

83 1699 164 1749 stare
179 1691 348 1766 decemque
364 1691 440 1749 alios
457 1691 612 1749 Priamum
627 1711 789 1768 superesse
803 1712 859 1769 per
873 1714 980 1754 annos.

84 1785 122 1842 Et
137 1802 228 1856 nunc,
245 1782 271 1842 si
286 1783 401 1842 bellare
416 1803 507 1860 paras
523 1794 616 1860 atque
631 1784 708 1843 haec
723 1785 778 1844 tibi
794 1805 881 1845 mens
897 1796 952 1861 est,
1030 1801 1082 1848 400

83 1876 233 1952 quidquid
249 1877 281 1934 in
297 1886 361 1935 arte
377 1896 445 1935 mea
460 1896 588 1954 possum
603 1878 780 1954 promittere
796 1897 896 1953 curae,

82 1970 167 2045 quod
181 1969 246 2028 fieri
261 1971 342 2028 ferro
358 1970 514 2046 liquidove
530 1980 633 2047 potest
649 1970 771 2045 electro,

83 2071 232 2140 quantum
247 2063 334 2141 ignes
350 2063 532 2140 animaeque
548 2063 660 2137 valent,
678 2065 794 2124 absiste
810 2066 966 2141 precando

82 2154 197 2214 viribus
212 2155 386 2215 indubitare
401 2156 482 2216 tuis.'
529 2160 574 2217 Ea
590 2159 684 2216 verba
699 2157 820 2216 locutus

82 2257 206 2324 optatos
221 2249 306 2308 dedit
321 2249 479 2326 amplexus
496 2250 713 2327 placidumque
728 2251 837 2327 petivit
1030 2265 1081 2320 405

82 2340 221 2418 coniugis
236 2342 357 2401 iniusus
371 2343 486 2420 gremio
502 2363 558 2420 per
573 2344 711 2403 membra
726 2362 876 2420 soporem.
954 2423 956 2426 Α

125 2435 202 2493 Inde
218 2435 269 2493 ubi
285 2436 382 2512 prima
398 2437 485 2512 quies
501 2438 603 2497 medio
621 2436 681 2494 iam
697 2437 796 2495 noctis
812 2437 941 2496 abactae

82 2527 232 2587 curriculo
248 2529 405 2605 expulerat
421 2550 571 2604 somnum,
589 2549 659 2589 cum
674 2529 789 2588 femina
803 2529 942 2606 primum,

82 2619 132 2678 cui
147 2621 275 2680 tolerare
291 2623 359 2681 colo
374 2623 468 2683 vitam
484 2625 630 2700 tenuique
648 2623 788 2681 Minerva

81 2712 266 2789 impositum,
283 2715 417 2774 cinerem
432 2726 463 2775 et
478 2717 595 2793 sopitos
612 2717 740 2775 suscitat
756 2715 844 2793 ignis,
1030 2732 1081 2778 410

82 2815 203 2865 noctem
220 2808 338 2866 addens
354 2808 447 2884 operi,
464 2810 658 2885 famulasque
674 2809 714 2867 ad
730 2809 845 2867 lumina
861 2808 953 2887 longo

123 3013 215 3070 385-6.
236 3007 276 3056 Cf.
290 3009 352 3057 VII.
366 3008 461 3073 629-31
478 3026 484 3057 ε
505 3009 622 3071 Quinque
638 3010 699 3057 adea
717 3025 824 3071 magnae
836 3011 927 3072 positis
944 3010 1080 3059 incudibus

81 3085 154 3132 urbes
172 3086 220 3133 tela
235 3093 337 3142 navant,
357 3087 438 3134 Atina
452 3092 541 3147 patens
559 3087 686 3149 Tiburque
703 3087 846 3148 superbum,
863 3087 952 3134 Ardea
973 3087 1079 3135 Crustu·

81 3163 196 3224 merique
206 3168 230 3209 et
239 3163 383 3224 turrigerae
394 3163 544 3210 Antemnae.
553 3190 587 3198 -
596 3176 654 3224 407.
675 3161 715 3210 Ci.
724 3162 775 3210 III.
786 3174 832 3226 512
844 3178 850 3209 ι
868 3163 950 3210 arbem
963 3163 1076 3212 medium

81 3238 144 3285 Nax
162 3239 243 3286 Hori's
262 3245 318 3286 acta
336 3238 439 3286 subibat.
457 3266 491 3274 -
509 3253 569 3304 409,
594 3237 728 3289 Minerva.
765 3238 807 3287 Cf.
827 3239 847 3287 Ι.
867 3251 933 3300 701:
960 3240 1076 3288 Cererem

81 3314 201 3361 canistris
218 3315 375 3376 expediunt,·
391 3314 448 3362 also
461 3314 482 3362 Ι.
496 3326 543 3379 215
555 3331 561 3362 ι
579 3315 722 3377 implentur
734 3315 824 3363 veteris
836 3315 939 3364 Bacchi.
