2334 3630
86 227 130 288 26
394 243 423 288 P.
450 241 590 286 vnnarm
617 243 770 290 nnnorus

87 380 259 440 Romulidis
275 380 428 457 Tatioque
444 380 511 439 seni
528 380 722 458 Curibusque
738 381 861 442 severis

86 477 161 533 Post
176 474 258 532 idem
273 473 352 532 inter
367 491 399 532 se
414 473 516 550 posito
532 473 698 532 certamine
713 492 800 551 reges

85 567 193 625 armati
209 566 292 626 Iovis
308 575 379 625 ante
394 585 477 624 aram
492 575 677 643 paterasque
692 575 835 626 tenentes
892 584 896 591 ·
1032 565 1084 628 640

85 662 209 719 stabant
224 669 255 719 et
270 679 361 718 caesa
376 659 544 736 iungebant
559 659 686 717 foedera
700 679 802 736 porca.
832 653 834 658 ’

86 754 182 812 Haud
196 754 302 830 procul
318 753 389 812 inde
405 752 484 811 citae
502 754 634 811 Mettum
651 752 683 810 in
699 752 819 811 diversa
834 753 1000 831 quadrigae

84 846 319 905 distulerant-
330 856 361 905 at
376 856 409 904 tu
425 845 524 920 dictis,
543 846 673 919 Albane,
691 864 831 904 maneres
843 849 905 904 1-

83 941 287 1016 raptabatque
302 939 358 998 viri
373 939 531 998 mendacis
547 939 666 997 viscera
681 938 790 997 Tullus

84 1052 138 1108 per
153 1033 269 1105 silvam,
286 1042 317 1091 et
333 1032 431 1109 sparsi
446 1034 592 1091 rorabant
608 1031 758 1109 sanguine
773 1049 891 1108 vepres
913 1054 917 1062 ·
1030 1032 1082 1098 645

85 1127 151 1183 Nec
166 1145 229 1183 non
244 1125 445 1201 Tarquinium
460 1125 591 1183 eiectum
608 1127 766 1183 Porsenna
781 1123 907 1182 iubebat

85 1217 224 1294 accipere
241 1218 419 1295 ingentique
435 1219 541 1276 urbem
557 1216 720 1276 obsidione
736 1217 913 1292 premebat;

84 1312 250 1369 Aeneadae
265 1311 296 1368 in
311 1311 424 1369 ferrum
439 1330 495 1387 pro
510 1311 650 1369 libertate
665 1311 804 1368 ruebant.

84 1403 176 1461 Illum
191 1403 365 1480 indignanti
381 1402 511 1462 similem
526 1403 718 1479 similemque
733 1400 863 1461 minanti

83 1496 246 1572 aspiceres,
263 1506 389 1572 pontem
405 1497 532 1555 auderet
547 1496 619 1572 quia
634 1496 746 1554 vellere
763 1495 882 1568 Cocles

84 1598 114 1647 et
129 1588 255 1648 fluvium
269 1589 378 1648 vinclis
393 1589 513 1647 innaret
529 1589 647 1648 Cloelia
662 1588 767 1664 ruptis.

84 1684 122 1739 In
138 1701 257 1740 summo
273 1691 377 1740 custos
393 1681 543 1758 Tarpeiae
560 1681 696 1740 Manlius
712 1681 791 1739 arcis

83 1776 187 1834 stabat
202 1794 257 1850 pro
272 1774 387 1850 templo
403 1784 433 1833 et
449 1774 603 1850 Capitolia
619 1774 702 1833 celsa
716 1774 851 1846 tenebat,

84 1867 296 1953 Romuleoque
312 1886 419 1925 recens
435 1868 579 1926 horrebat
593 1867 676 1944 regia
691 1867 800 1925 culmo.

83 1962 186 2035 Atque
202 1959 252 2018 hic
267 1960 381 2018 auratis
396 1960 529 2019 volitans
545 1970 709 2036 argenteus
724 1977 816 2017 anser

82 2052 253 2129 porticibus
268 2053 376 2111 Gallos
391 2052 422 2110 in
439 2051 541 2111 limine
557 2053 668 2110 adesse
683 2053 823 2110 canebat.

84 2145 166 2204 Galli
180 2165 236 2222 per
250 2146 360 2204 dumos
376 2146 504 2203 aderant
520 2164 682 2220 arcemque
698 2145 854 2218 tenebant,

83 2237 204 2296 defensi
219 2237 355 2296 tenebris
370 2247 401 2296 et
416 2239 499 2296 dono
514 2237 614 2296 noctis
630 2257 746 2314 opacae
759 2261 765 2309 ;

83 2349 175 2388 aurea
190 2330 342 2389 caesaries
357 2331 426 2389 ollis
441 2340 534 2406 atque
550 2349 642 2388 aurea
657 2330 752 2389 vestis
765 2354 772 2403 3

82 2423 207 2499 virgatis
223 2423 326 2481 lucent
342 2423 456 2500 sagulis
472 2447 478 2497 ;
501 2433 565 2482 tum
581 2423 680 2482 lactea
695 2423 775 2481 colla
1030 2408 1097 2474 660‘

83 2534 158 2573 auro
174 2515 390 2588 innectuntur3
415 2516 477 2574 duo
493 2516 624 2592 quisque
640 2516 754 2592 Alpina
769 2525 933 2576 coruscant
1039 2502 1053 2527 ⁶

81 2627 175 2685 gaesa
191 2628 291 2681 manu,
310 2609 405 2667 scutis
420 2608 551 2685 protecti
566 2628 695 2685 corpora
710 2609 819 2685 longis,

125 2746 184 2806 638,
206 2742 320 2792 curibus
340 2741 451 2791 severis.
489 2742 553 2806 Livy
568 2742 598 2803 (I.
614 2740 651 2797 18,
664 2742 699 2801 4),
712 2741 839 2804 speaking
856 2740 885 2789 of
904 2742 993 2790 Numa
1005 2743 1082 2792 Pom-

81 2817 166 2879 pilius,
179 2817 237 2864 who
250 2833 302 2865 was
314 2817 370 2865 said
383 2825 410 2865 to
423 2817 490 2866 have
509 2833 583 2866 corne
600 2816 669 2864 from
689 2818 733 2866 the
748 2816 842 2865 Sabine
857 2828 926 2865 town
945 2816 975 2864 of
987 2817 1079 2876 Cures,

82 2909 141 2958 says
151 2893 208 2941 that
217 2893 250 2941 he
257 2909 309 2942 was
323 2893 423 2941 trained
432 2895 568 2955 disciplina
577 2895 663 2941 tetrica
672 2910 702 2941 ac
713 2894 783 2941 tristi
793 2899 904 2940 veterum
915 2894 1079 2953 Sabinorum,

81 2986 130 3033 quo
145 2986 236 3032 garrera
256 2972 359 3017 nullum
384 2971 510 3032 quandam
536 2971 708 3031 incorruptius
718 2970 783 3033 fuit.
803 2997 837 3005 -
857 2974 916 3035 643,
942 2971 973 3020 iu
994 2969 1080 3022 dietis

82 3059 213 3096 maneres.
250 3046 291 3094 Cf.
312 3047 348 3094 II.
371 3046 434 3094 160:
455 3053 483 3093 tu
502 3046 574 3093 modo
585 3047 721 3107 promissis
741 3051 968 3107 maneas—649.
990 3045 1032 3094 Cf.
1047 3047 1080 3095 V.

83 3135 147 3186 254:
165 3123 301 3170 anhelanti
310 3123 411 3178 similis,
424 3121 482 3170 said
499 3121 528 3169 of
545 3120 695 3186 Ganymede
713 3121 739 3169 in
758 3121 803 3169 the
820 3120 932 3185 hunting
949 3136 1033 3171 scene.
1045 3149 1081 3160 -

82 3203 140 3264 ⁶62,
167 3198 253 3249 scutis
272 3199 370 3262 longis.
407 3198 448 3246 Cf.
462 3198 517 3246 Liv.
532 3198 693 3246 XXXVIII.
707 3211 754 3245 21:
779 3199 855 3246 Scuta
874 3199 1078 3261 longa,ccterum

80 3275 118 3321 ad
132 3274 328 3335 amplitudinem
348 3281 479 3335 corporum
495 3281 592 3335 parum
613 3274 673 3330 lata,
686 3279 710 3320 ct
727 3289 754 3320 ea
767 3274 821 3334 ipsa
834 3275 926 3336 plana,
939 3274 1006 3321 male
1020 3279 1080 3337 tege·

78 3350 143 3396 bant
154 3351 247 3398 Gallos¹
